
      <record>
         <leader>00000nz  a2200169   4500</leader>
         <controlfield tag="001">30004341</controlfield>
         <controlfield tag="003">RISM</controlfield>
         <controlfield tag="005">20160216</controlfield>
         <controlfield tag="008">160216n||az|||||||##########||||||||||||</controlfield>
         <datafield tag="040" ind1=" " ind2=" ">
            <subfield code="a">J-AOpl</subfield>
         </datafield>
         <datafield tag="043" ind1=" " ind2=" ">
            <subfield code="c">XB-JP</subfield>
         </datafield>
         <datafield tag="110" ind1="2" ind2=" ">
            <subfield code="a">Aomori Kenritsu Toshokan</subfield>
            <subfield code="c">Aomori</subfield>
            <subfield code="g">J-AOpl</subfield>
         </datafield>
         <datafield tag="410" ind1="2" ind2=" ">
            <subfield code="a">Aomori Prefectural Library</subfield>
         </datafield>
         <datafield tag="622" ind1=" " ind2=" ">
            <subfield code="e">Aomori Kenritsu Toshokan, 2-4-30 Shimmachi, Aomori-shi, Aomori, -ken 030</subfield>
         </datafield>
      </record>