
      <record>
         <leader>00000nz  a2200169   4500</leader>
         <controlfield tag="001">30004343</controlfield>
         <controlfield tag="003">RISM</controlfield>
         <controlfield tag="005">20160216</controlfield>
         <controlfield tag="008">160216n||az|||||||##########||||||||||||</controlfield>
         <datafield tag="040" ind1=" " ind2=" ">
            <subfield code="a">J-BIa</subfield>
         </datafield>
         <datafield tag="043" ind1=" " ind2=" ">
            <subfield code="c">XB-JP</subfield>
         </datafield>
         <datafield tag="110" ind1="2" ind2=" ">
            <subfield code="a">Masamune Bunko</subfield>
            <subfield code="c">Bizen</subfield>
            <subfield code="g">J-BIa</subfield>
         </datafield>
         <datafield tag="410" ind1="2" ind2=" ">
            <subfield code="a">Masamune Archive</subfield>
         </datafield>
         <datafield tag="622" ind1=" " ind2=" ">
            <subfield code="e">Masamune Bunko, 2965 Honobori, Bizen-shi, Okayama-ken, 705</subfield>
         </datafield>
      </record>