
      <record>
         <leader>00000nz  a2200169   4500</leader>
         <controlfield tag="001">30004346</controlfield>
         <controlfield tag="003">RISM</controlfield>
         <controlfield tag="005">20160216</controlfield>
         <controlfield tag="008">160216n||az|||||||##########||||||||||||</controlfield>
         <datafield tag="040" ind1=" " ind2=" ">
            <subfield code="a">J-FAu</subfield>
         </datafield>
         <datafield tag="043" ind1=" " ind2=" ">
            <subfield code="c">XB-JP</subfield>
         </datafield>
         <datafield tag="110" ind1="2" ind2=" ">
            <subfield code="a">Ky¯ush¯u Daigaku</subfield>
            <subfield code="c">Fukuoka</subfield>
            <subfield code="g">J-FAu</subfield>
         </datafield>
         <datafield tag="410" ind1="2" ind2=" ">
            <subfield code="a">Ky¯ush¯u University</subfield>
         </datafield>
         <datafield tag="622" ind1=" " ind2=" ">
            <subfield code="e">Ky¯ush¯u Daigaku, Bungaku-bu, 3576 Daigaku Hakozaki,, Fukuoka-shi, Fukuoka-ken 812</subfield>
         </datafield>
      </record>