
      <record>
         <leader>00000nz  a2200169   4500</leader>
         <controlfield tag="001">30004347</controlfield>
         <controlfield tag="003">RISM</controlfield>
         <controlfield tag="005">20160216</controlfield>
         <controlfield tag="008">160216n||az|||||||##########||||||||||||</controlfield>
         <datafield tag="040" ind1=" " ind2=" ">
            <subfield code="a">J-FBml</subfield>
         </datafield>
         <datafield tag="043" ind1=" " ind2=" ">
            <subfield code="c">XB-JP</subfield>
         </datafield>
         <datafield tag="110" ind1="2" ind2=" ">
            <subfield code="a">Funabashi Shiritsu Toshokan</subfield>
            <subfield code="c">Funabashi</subfield>
            <subfield code="g">J-FBml</subfield>
         </datafield>
         <datafield tag="410" ind1="2" ind2=" ">
            <subfield code="a">Funabashi Municipal Library</subfield>
         </datafield>
         <datafield tag="622" ind1=" " ind2=" ">
            <subfield code="e">Funabashi Shiritsu Toshokan, 4-12-18 Nishifune, Funabashi-shi, Chiba, -ken 273</subfield>
         </datafield>
      </record>