
      <record>
         <leader>00000nz  a2200169   4500</leader>
         <controlfield tag="001">30004344</controlfield>
         <controlfield tag="003">RISM</controlfield>
         <controlfield tag="005">20160216</controlfield>
         <controlfield tag="008">160216n||az|||||||##########||||||||||||</controlfield>
         <datafield tag="040" ind1=" " ind2=" ">
            <subfield code="a">J-FJa</subfield>
         </datafield>
         <datafield tag="043" ind1=" " ind2=" ">
            <subfield code="c">XB-JP</subfield>
         </datafield>
         <datafield tag="110" ind1="2" ind2=" ">
            <subfield code="a">Fuji Bunko</subfield>
            <subfield code="c">Fuji</subfield>
            <subfield code="g">J-FJa</subfield>
         </datafield>
         <datafield tag="410" ind1="2" ind2=" ">
            <subfield code="a">Fuji Archive</subfield>
         </datafield>
         <datafield tag="622" ind1=" " ind2=" ">
            <subfield code="e">Fuji Bunko, 518-1 Kuzawa, Fuji-shi, Shizuoka-ken, 419-02</subfield>
         </datafield>
      </record>