
      <record>
         <leader>00000nz  a2200169   4500</leader>
         <controlfield tag="001">30004345</controlfield>
         <controlfield tag="003">RISM</controlfield>
         <controlfield tag="005">20160216</controlfield>
         <controlfield tag="008">160216n||az|||||||##########||||||||||||</controlfield>
         <datafield tag="040" ind1=" " ind2=" ">
            <subfield code="a">J-FKpl</subfield>
         </datafield>
         <datafield tag="043" ind1=" " ind2=" ">
            <subfield code="c">XB-JP</subfield>
         </datafield>
         <datafield tag="110" ind1="2" ind2=" ">
            <subfield code="a">Fukui Kenritsu Toshokan</subfield>
            <subfield code="c">Fukui</subfield>
            <subfield code="g">J-FKpl</subfield>
         </datafield>
         <datafield tag="410" ind1="2" ind2=" ">
            <subfield code="a">Fukui Prefectural Library</subfield>
         </datafield>
         <datafield tag="622" ind1=" " ind2=" ">
            <subfield code="e">Fukui Kenritsu Toshokan, 3-11-16 H¯oei, Fukui-shi, Fukui-ken 910</subfield>
         </datafield>
      </record>