
      <record>
         <leader>00000nz  a2200169   4500</leader>
         <controlfield tag="001">30004348</controlfield>
         <controlfield tag="003">RISM</controlfield>
         <controlfield tag="005">20160216</controlfield>
         <controlfield tag="008">160216n||az|||||||##########||||||||||||</controlfield>
         <datafield tag="040" ind1=" " ind2=" ">
            <subfield code="a">J-HAml</subfield>
         </datafield>
         <datafield tag="043" ind1=" " ind2=" ">
            <subfield code="c">XB-JP</subfield>
         </datafield>
         <datafield tag="110" ind1="2" ind2=" ">
            <subfield code="a">Shiritsu Hakodate Toshokan</subfield>
            <subfield code="c">Hakodate</subfield>
            <subfield code="g">J-HAml</subfield>
         </datafield>
         <datafield tag="410" ind1="2" ind2=" ">
            <subfield code="a">Hakodate Municipal Library</subfield>
         </datafield>
         <datafield tag="622" ind1=" " ind2=" ">
            <subfield code="e">Shiritsu Hakodate Toshokan, Hakodate K¯oen, Aoyagi-ch¯o, Hakodate, -shi, Hokkaid¯o 040</subfield>
         </datafield>
      </record>