
      <record>
         <leader>00000nz  a2200169   4500</leader>
         <controlfield tag="001">30004352</controlfield>
         <controlfield tag="003">RISM</controlfield>
         <controlfield tag="005">20160216</controlfield>
         <controlfield tag="008">160216n||az|||||||##########||||||||||||</controlfield>
         <datafield tag="040" ind1=" " ind2=" ">
            <subfield code="a">J-HImc</subfield>
         </datafield>
         <datafield tag="043" ind1=" " ind2=" ">
            <subfield code="c">XB-JP</subfield>
         </datafield>
         <datafield tag="110" ind1="2" ind2=" ">
            <subfield code="a">Erizabeto Ongaku Daigaku</subfield>
            <subfield code="c">Hiroshima</subfield>
            <subfield code="g">J-HImc</subfield>
         </datafield>
         <datafield tag="410" ind1="2" ind2=" ">
            <subfield code="a">Elizabeth Music College, Library</subfield>
         </datafield>
         <datafield tag="622" ind1=" " ind2=" ">
            <subfield code="e">Erizabeto Ongaku Daigaku, 4-15 Obori-ch¯o, Hiroshima-shi,, Hiroshima-ken 730</subfield>
         </datafield>
      </record>