
      <record>
         <leader>00000nz  a2200169   4500</leader>
         <controlfield tag="001">30004349</controlfield>
         <controlfield tag="003">RISM</controlfield>
         <controlfield tag="005">20160216</controlfield>
         <controlfield tag="008">160216n||az|||||||##########||||||||||||</controlfield>
         <datafield tag="040" ind1=" " ind2=" ">
            <subfield code="a">J-HKml</subfield>
         </datafield>
         <datafield tag="043" ind1=" " ind2=" ">
            <subfield code="c">XB-JP</subfield>
         </datafield>
         <datafield tag="110" ind1="2" ind2=" ">
            <subfield code="a">Hikone Shiritsu Toshokan</subfield>
            <subfield code="c">Hikone</subfield>
            <subfield code="g">J-HKml</subfield>
         </datafield>
         <datafield tag="410" ind1="2" ind2=" ">
            <subfield code="a">Hikone Municipal Library</subfield>
         </datafield>
         <datafield tag="622" ind1=" " ind2=" ">
            <subfield code="e">Hikone Shiritsu Toshokan, 1-9-1 Hommachi, Hikone-shi, Shiga-ken, 522</subfield>
         </datafield>
      </record>