
      <record>
         <leader>00000nz  a2200169   4500</leader>
         <controlfield tag="001">30004350</controlfield>
         <controlfield tag="003">RISM</controlfield>
         <controlfield tag="005">20160216</controlfield>
         <controlfield tag="008">160216n||az|||||||##########||||||||||||</controlfield>
         <datafield tag="040" ind1=" " ind2=" ">
            <subfield code="a">J-HOm</subfield>
         </datafield>
         <datafield tag="043" ind1=" " ind2=" ">
            <subfield code="c">XB-JP</subfield>
         </datafield>
         <datafield tag="110" ind1="2" ind2=" ">
            <subfield code="a">Matsuura Shiry¯o Hakubutsukan</subfield>
            <subfield code="c">Hirado</subfield>
            <subfield code="g">J-HOm</subfield>
         </datafield>
         <datafield tag="410" ind1="2" ind2=" ">
            <subfield code="a">Matsuura History Museum</subfield>
         </datafield>
         <datafield tag="622" ind1=" " ind2=" ">
            <subfield code="e">Matsuura Shiry¯o Hakubutsukan, 12 Nagamigawa-ch¯o, Hirado-shi,, Nagasaki-ken 859-51</subfield>
         </datafield>
      </record>