
      <record>
         <leader>00000nz  a2200169   4500</leader>
         <controlfield tag="001">30004351</controlfield>
         <controlfield tag="003">RISM</controlfield>
         <controlfield tag="005">20160216</controlfield>
         <controlfield tag="008">160216n||az|||||||##########||||||||||||</controlfield>
         <datafield tag="040" ind1=" " ind2=" ">
            <subfield code="a">J-HRml</subfield>
         </datafield>
         <datafield tag="043" ind1=" " ind2=" ">
            <subfield code="c">XB-JP</subfield>
         </datafield>
         <datafield tag="110" ind1="2" ind2=" ">
            <subfield code="a">Shiritsu Hirosaki Toshokan</subfield>
            <subfield code="c">Hirosaki</subfield>
            <subfield code="g">J-HRml</subfield>
         </datafield>
         <datafield tag="410" ind1="2" ind2=" ">
            <subfield code="a">Hirosaki Municipal Library</subfield>
         </datafield>
         <datafield tag="622" ind1=" " ind2=" ">
            <subfield code="e">Shiritsu Hirosaki Toshokan, 1-6 Shimo Shiragane-machi, Hirosaki, -shi, Aomori-ken 036</subfield>
         </datafield>
      </record>