
      <record>
         <leader>00000nz  a2200169   4500</leader>
         <controlfield tag="001">30004355</controlfield>
         <controlfield tag="003">RISM</controlfield>
         <controlfield tag="005">20160216</controlfield>
         <controlfield tag="008">160216n||az|||||||##########||||||||||||</controlfield>
         <datafield tag="040" ind1=" " ind2=" ">
            <subfield code="a">J-IAkl</subfield>
         </datafield>
         <datafield tag="043" ind1=" " ind2=" ">
            <subfield code="c">XB-JP</subfield>
         </datafield>
         <datafield tag="110" ind1="2" ind2=" ">
            <subfield code="a">Kami Ina Toshokan</subfield>
            <subfield code="c">Ina</subfield>
            <subfield code="g">J-IAkl</subfield>
         </datafield>
         <datafield tag="410" ind1="2" ind2=" ">
            <subfield code="a">Kami Ina Library</subfield>
         </datafield>
         <datafield tag="622" ind1=" " ind2=" ">
            <subfield code="e">Kami Ina Toshokan, Sakura-machi, Ina-shi, Nagano-ken 396</subfield>
         </datafield>
      </record>