
      <record>
         <leader>00000nz  a2200169   4500</leader>
         <controlfield tag="001">30004354</controlfield>
         <controlfield tag="003">RISM</controlfield>
         <controlfield tag="005">20160216</controlfield>
         <controlfield tag="008">160216n||az|||||||##########||||||||||||</controlfield>
         <datafield tag="040" ind1=" " ind2=" ">
            <subfield code="a">J-IDa</subfield>
         </datafield>
         <datafield tag="043" ind1=" " ind2=" ">
            <subfield code="c">XB-JP</subfield>
         </datafield>
         <datafield tag="110" ind1="2" ind2=" ">
            <subfield code="a">Ikeda Bunko</subfield>
            <subfield code="c">Ikeda</subfield>
            <subfield code="g">J-IDa</subfield>
         </datafield>
         <datafield tag="410" ind1="2" ind2=" ">
            <subfield code="a">Ikeda Archive</subfield>
         </datafield>
         <datafield tag="622" ind1=" " ind2=" ">
            <subfield code="e">Ikeda Bunko, 12-1 Sakae Hommachi, Ikeda-shi, Osaka, -fu 563</subfield>
         </datafield>
      </record>