
      <record>
         <leader>00000nz  a2200169   4500</leader>
         <controlfield tag="001">30004356</controlfield>
         <controlfield tag="003">RISM</controlfield>
         <controlfield tag="005">20160216</controlfield>
         <controlfield tag="008">160216n||az|||||||##########||||||||||||</controlfield>
         <datafield tag="040" ind1=" " ind2=" ">
            <subfield code="a">J-IEja</subfield>
         </datafield>
         <datafield tag="043" ind1=" " ind2=" ">
            <subfield code="c">XB-JP</subfield>
         </datafield>
         <datafield tag="110" ind1="2" ind2=" ">
            <subfield code="a">Jing¯u Bunko</subfield>
            <subfield code="c">Ise</subfield>
            <subfield code="g">J-IEja</subfield>
         </datafield>
         <datafield tag="410" ind1="2" ind2=" ">
            <subfield code="a">Jing¯u Archives</subfield>
         </datafield>
         <datafield tag="622" ind1=" " ind2=" ">
            <subfield code="e">Jing¯u Bunko, Kuradayama, Ise-shi, Mie-ken 516</subfield>
         </datafield>
      </record>