
      <record>
         <leader>00000nz  a2200169   4500</leader>
         <controlfield tag="001">30004353</controlfield>
         <controlfield tag="003">RISM</controlfield>
         <controlfield tag="005">20160216</controlfield>
         <controlfield tag="008">160216n||az|||||||##########||||||||||||</controlfield>
         <datafield tag="040" ind1=" " ind2=" ">
            <subfield code="a">J-IRht</subfield>
         </datafield>
         <datafield tag="043" ind1=" " ind2=" ">
            <subfield code="c">XB-JP</subfield>
         </datafield>
         <datafield tag="110" ind1="2" ind2=" ">
            <subfield code="a">H¯ory¯uji Daih¯oz¯oden</subfield>
            <subfield code="c">Ikaruga</subfield>
            <subfield code="g">J-IRht</subfield>
         </datafield>
         <datafield tag="410" ind1="2" ind2=" ">
            <subfield code="a">H¯ory¯uji Treasure Hall</subfield>
         </datafield>
         <datafield tag="622" ind1=" " ind2=" ">
            <subfield code="e">H¯ory¯uji Daih¯oz¯oden, Ikaruga-machi, Ikoma-gun, Nara-ken 636, -01</subfield>
         </datafield>
      </record>