
      <record>
         <leader>00000nz  a2200169   4500</leader>
         <controlfield tag="001">30004359</controlfield>
         <controlfield tag="003">RISM</controlfield>
         <controlfield tag="005">20160216</controlfield>
         <controlfield tag="008">160216n||az|||||||##########||||||||||||</controlfield>
         <datafield tag="040" ind1=" " ind2=" ">
            <subfield code="a">J-KA</subfield>
         </datafield>
         <datafield tag="043" ind1=" " ind2=" ">
            <subfield code="c">XB-JP</subfield>
         </datafield>
         <datafield tag="110" ind1="2" ind2=" ">
            <subfield code="a">Konk¯o Ky¯ogeibi Ky¯okai</subfield>
            <subfield code="c">Kannabe</subfield>
            <subfield code="g">J-KA</subfield>
         </datafield>
         <datafield tag="622" ind1=" " ind2=" ">
            <subfield code="e">Konk¯o Ky¯ogeibi Ky¯okai, 2017 Kami Gory¯o, Kannabe-ch¯o,, Fukuyasu-gun, Hiroshima-ken 720-22</subfield>
         </datafield>
      </record>