
      <record>
         <leader>00000nz  a2200169   4500</leader>
         <controlfield tag="001">30004366</controlfield>
         <controlfield tag="003">RISM</controlfield>
         <controlfield tag="005">20160216</controlfield>
         <controlfield tag="008">160216n||az|||||||##########||||||||||||</controlfield>
         <datafield tag="040" ind1=" " ind2=" ">
            <subfield code="a">J-Kd</subfield>
         </datafield>
         <datafield tag="043" ind1=" " ind2=" ">
            <subfield code="c">XB-JP</subfield>
         </datafield>
         <datafield tag="110" ind1="2" ind2=" ">
            <subfield code="a">Daigoji</subfield>
            <subfield code="c">Kyoto</subfield>
            <subfield code="g">J-Kd</subfield>
         </datafield>
         <datafield tag="622" ind1=" " ind2=" ">
            <subfield code="e">Daigoji, Daigo Higashi ¯Ojimachi, Fushimi-ku,, Kyoto-shi, Kyoto-fu 601-13</subfield>
         </datafield>
      </record>