
      <record>
         <leader>00000nz  a2200169   4500</leader>
         <controlfield tag="001">30004357</controlfield>
         <controlfield tag="003">RISM</controlfield>
         <controlfield tag="005">20160216</controlfield>
         <controlfield tag="008">160216n||az|||||||##########||||||||||||</controlfield>
         <datafield tag="040" ind1=" " ind2=" ">
            <subfield code="a">J-KGpl</subfield>
         </datafield>
         <datafield tag="043" ind1=" " ind2=" ">
            <subfield code="c">XB-JP</subfield>
         </datafield>
         <datafield tag="110" ind1="2" ind2=" ">
            <subfield code="a">Kagoshima Kenritsu Toshokan</subfield>
            <subfield code="c">Kagoshima</subfield>
            <subfield code="g">J-KGpl</subfield>
         </datafield>
         <datafield tag="410" ind1="2" ind2=" ">
            <subfield code="a">Kagishima Prefectural Library</subfield>
         </datafield>
         <datafield tag="622" ind1=" " ind2=" ">
            <subfield code="e">Kagoshima Kenritsu Toshokan, 1-1 Shiroyama-machi, Kagoshima-shi,, Kagoshima-ken 892</subfield>
         </datafield>
      </record>