
      <record>
         <leader>00000nz  a2200169   4500</leader>
         <controlfield tag="001">30004362</controlfield>
         <controlfield tag="003">RISM</controlfield>
         <controlfield tag="005">20160216</controlfield>
         <controlfield tag="008">160216n||az|||||||##########||||||||||||</controlfield>
         <datafield tag="040" ind1=" " ind2=" ">
            <subfield code="a">J-KKl</subfield>
         </datafield>
         <datafield tag="043" ind1=" " ind2=" ">
            <subfield code="c">XB-JP</subfield>
         </datafield>
         <datafield tag="110" ind1="2" ind2=" ">
            <subfield code="a">Konk¯o Toshokan</subfield>
            <subfield code="c">Konk¯o</subfield>
            <subfield code="g">J-KKl</subfield>
         </datafield>
         <datafield tag="410" ind1="2" ind2=" ">
            <subfield code="a">Konk¯o Library</subfield>
         </datafield>
         <datafield tag="622" ind1=" " ind2=" ">
            <subfield code="e">Konk¯o Toshokan, ¯Otani, Konk¯o-ch¯o, Asaguchi-gun,, Okayama-ken 719-01</subfield>
         </datafield>
      </record>