
      <record>
         <leader>00000nz  a2200169   4500</leader>
         <controlfield tag="001">30004371</controlfield>
         <controlfield tag="003">RISM</controlfield>
         <controlfield tag="005">20160216</controlfield>
         <controlfield tag="008">160216n||az|||||||##########||||||||||||</controlfield>
         <datafield tag="040" ind1=" " ind2=" ">
            <subfield code="a">J-Knm</subfield>
         </datafield>
         <datafield tag="043" ind1=" " ind2=" ">
            <subfield code="c">XB-JP</subfield>
         </datafield>
         <datafield tag="110" ind1="2" ind2=" ">
            <subfield code="a">Kyoto Kokuritsu Hakubutsukan</subfield>
            <subfield code="c">Kyoto</subfield>
            <subfield code="g">J-Knm</subfield>
         </datafield>
         <datafield tag="410" ind1="2" ind2=" ">
            <subfield code="a">Kyoto National Museum</subfield>
         </datafield>
         <datafield tag="622" ind1=" " ind2=" ">
            <subfield code="e">Kyoto Kokuritsu Hakubutsukan, Higashiyama Nanaj¯o, Higashiyama-ku,, Kyoto-shi, Kyoto-fu 604</subfield>
         </datafield>
      </record>