
      <record>
         <leader>00000nz  a2200169   4500</leader>
         <controlfield tag="001">30004374</controlfield>
         <controlfield tag="003">RISM</controlfield>
         <controlfield tag="005">20160216</controlfield>
         <controlfield tag="008">160216n||az|||||||##########||||||||||||</controlfield>
         <datafield tag="040" ind1=" " ind2=" ">
            <subfield code="a">J-Kr</subfield>
         </datafield>
         <datafield tag="043" ind1=" " ind2=" ">
            <subfield code="c">XB-JP</subfield>
         </datafield>
         <datafield tag="110" ind1="2" ind2=" ">
            <subfield code="a">Raig¯oin</subfield>
            <subfield code="c">Kyoto</subfield>
            <subfield code="g">J-Kr</subfield>
         </datafield>
         <datafield tag="622" ind1=" " ind2=" ">
            <subfield code="e">Raig¯oin, 570 Raig¯oin, ¯Ohara, Saky¯o-ku, Kyot, -shi, Kyoto-fu 601-12</subfield>
         </datafield>
      </record>