
      <record>
         <leader>00000nz  a2200169   4500</leader>
         <controlfield tag="001">30004360</controlfield>
         <controlfield tag="003">RISM</controlfield>
         <controlfield tag="005">20160216</controlfield>
         <controlfield tag="008">160216n||az|||||||##########||||||||||||</controlfield>
         <datafield tag="040" ind1=" " ind2=" ">
            <subfield code="a">J-KRml</subfield>
         </datafield>
         <datafield tag="043" ind1=" " ind2=" ">
            <subfield code="c">XB-JP</subfield>
         </datafield>
         <datafield tag="110" ind1="2" ind2=" ">
            <subfield code="a">Kariya Shiritsu Toshokan</subfield>
            <subfield code="c">Kariya</subfield>
            <subfield code="g">J-KRml</subfield>
         </datafield>
         <datafield tag="410" ind1="2" ind2=" ">
            <subfield code="a">Kariya Municipal Library</subfield>
         </datafield>
         <datafield tag="622" ind1=" " ind2=" ">
            <subfield code="e">Kariya Shiritsu Toshokan, 1-24 Shrio-machi, Kariya-shi, Aichi-ken, 485</subfield>
         </datafield>
      </record>