
      <record>
         <leader>00000nz  a2200169   4500</leader>
         <controlfield tag="001">30004375</controlfield>
         <controlfield tag="003">RISM</controlfield>
         <controlfield tag="005">20160216</controlfield>
         <controlfield tag="008">160216n||az|||||||##########||||||||||||</controlfield>
         <datafield tag="040" ind1=" " ind2=" ">
            <subfield code="a">J-Kru</subfield>
         </datafield>
         <datafield tag="043" ind1=" " ind2=" ">
            <subfield code="c">XB-JP</subfield>
         </datafield>
         <datafield tag="110" ind1="2" ind2=" ">
            <subfield code="a">Ry¯ukoku Daigaku</subfield>
            <subfield code="c">Kyoto</subfield>
            <subfield code="g">J-Kru</subfield>
         </datafield>
         <datafield tag="410" ind1="2" ind2=" ">
            <subfield code="a">Ry¯ukoku University, Library</subfield>
         </datafield>
         <datafield tag="622" ind1=" " ind2=" ">
            <subfield code="e">Ry¯ukoku Daigaku, 125-1 Kaiku-machi, Inokuma-d¯ori,, Shimogy¯o-ku, Kyoto-shi, Kyoto-fu 600</subfield>
         </datafield>
      </record>