
      <record>
         <leader>00000nz  a2200169   4500</leader>
         <controlfield tag="001">30004363</controlfield>
         <controlfield tag="003">RISM</controlfield>
         <controlfield tag="005">20160216</controlfield>
         <controlfield tag="008">160216n||az|||||||##########||||||||||||</controlfield>
         <datafield tag="040" ind1=" " ind2=" ">
            <subfield code="a">J-KTl</subfield>
         </datafield>
         <datafield tag="043" ind1=" " ind2=" ">
            <subfield code="c">XB-JP</subfield>
         </datafield>
         <datafield tag="110" ind1="2" ind2=" ">
            <subfield code="a">Kompira-G¯u Sha Toshokan</subfield>
            <subfield code="c">Kotokira</subfield>
            <subfield code="g">J-KTl</subfield>
         </datafield>
         <datafield tag="410" ind1="2" ind2=" ">
            <subfield code="a">Kompira Shrine Library</subfield>
         </datafield>
         <datafield tag="622" ind1=" " ind2=" ">
            <subfield code="e">Kompira-G¯u Sha Toshokan, 892 Kotohira-ch¯o, Kagawa-ken 766</subfield>
         </datafield>
      </record>