
      <record>
         <leader>00000nz  a2200169   4500</leader>
         <controlfield tag="001">30004380</controlfield>
         <controlfield tag="003">RISM</controlfield>
         <controlfield tag="005">20160216</controlfield>
         <controlfield tag="008">160216n||az|||||||##########||||||||||||</controlfield>
         <datafield tag="040" ind1=" " ind2=" ">
            <subfield code="a">J-Kya</subfield>
         </datafield>
         <datafield tag="043" ind1=" " ind2=" ">
            <subfield code="c">XB-JP</subfield>
         </datafield>
         <datafield tag="110" ind1="2" ind2=" ">
            <subfield code="a">Y¯omei Bunko</subfield>
            <subfield code="c">Kyoto</subfield>
            <subfield code="g">J-Kya</subfield>
         </datafield>
         <datafield tag="410" ind1="2" ind2=" ">
            <subfield code="a">Y¯omei Archive</subfield>
         </datafield>
         <datafield tag="622" ind1=" " ind2=" ">
            <subfield code="e">Y¯omei Bunko, 1-2 Kaminotani-machi, Utano, Uky¯o-ku,, Kyoto-shi, Kyoto-fu 616</subfield>
         </datafield>
      </record>