
      <record>
         <leader>00000nz  a2200169   4500</leader>
         <controlfield tag="001">30004381</controlfield>
         <controlfield tag="003">RISM</controlfield>
         <controlfield tag="005">20160216</controlfield>
         <controlfield tag="008">160216n||az|||||||##########||||||||||||</controlfield>
         <datafield tag="040" ind1=" " ind2=" ">
            <subfield code="a">J-MHml</subfield>
         </datafield>
         <datafield tag="043" ind1=" " ind2=" ">
            <subfield code="c">XB-JP</subfield>
         </datafield>
         <datafield tag="110" ind1="2" ind2=" ">
            <subfield code="a">Mihara Shiritsu Toshokan</subfield>
            <subfield code="c">Mihara</subfield>
            <subfield code="g">J-MHml</subfield>
         </datafield>
         <datafield tag="410" ind1="2" ind2=" ">
            <subfield code="a">Mihara Municipal Library</subfield>
         </datafield>
         <datafield tag="622" ind1=" " ind2=" ">
            <subfield code="e">Mihara Shiritsu Toshokan, 1679 Yakata-machi, Mihara-shi,, Hiroshima-ken 723</subfield>
         </datafield>
      </record>