
      <record>
         <leader>00000nz  a2200169   4500</leader>
         <controlfield tag="001">30004383</controlfield>
         <controlfield tag="003">RISM</controlfield>
         <controlfield tag="005">20160216</controlfield>
         <controlfield tag="008">160216n||az|||||||##########||||||||||||</controlfield>
         <datafield tag="040" ind1=" " ind2=" ">
            <subfield code="a">J-MOpl</subfield>
         </datafield>
         <datafield tag="043" ind1=" " ind2=" ">
            <subfield code="c">XB-JP</subfield>
         </datafield>
         <datafield tag="110" ind1="2" ind2=" ">
            <subfield code="a">Iwate Kenritsu Toshokan</subfield>
            <subfield code="c">Morioka</subfield>
            <subfield code="g">J-MOpl</subfield>
         </datafield>
         <datafield tag="410" ind1="2" ind2=" ">
            <subfield code="a">Iwate Prefectural Library</subfield>
         </datafield>
         <datafield tag="622" ind1=" " ind2=" ">
            <subfield code="e">Iwate Kenritsu Toshokan, 1-50 Uchimaru, Morioka-shi, Iwate-ken, 020</subfield>
         </datafield>
      </record>