
      <record>
         <leader>00000nz  a2200169   4500</leader>
         <controlfield tag="001">30004382</controlfield>
         <controlfield tag="003">RISM</controlfield>
         <controlfield tag="005">20160216</controlfield>
         <controlfield tag="008">160216n||az|||||||##########||||||||||||</controlfield>
         <datafield tag="040" ind1=" " ind2=" ">
            <subfield code="a">J-MTs</subfield>
         </datafield>
         <datafield tag="043" ind1=" " ind2=" ">
            <subfield code="c">XB-JP</subfield>
         </datafield>
         <datafield tag="110" ind1="2" ind2=" ">
            <subfield code="a">Sh¯ok¯okan</subfield>
            <subfield code="c">Mito</subfield>
            <subfield code="g">J-MTs</subfield>
         </datafield>
         <datafield tag="622" ind1=" " ind2=" ">
            <subfield code="e">Sh¯ok¯okan, Tokugawa-ke Bettei, 1215 Mikawa-machi,, Mito-shi, Ibaraki-ken 310</subfield>
         </datafield>
      </record>