
      <record>
         <leader>00000nz  a2200169   4500</leader>
         <controlfield tag="001">30004386</controlfield>
         <controlfield tag="003">RISM</controlfield>
         <controlfield tag="005">20160216</controlfield>
         <controlfield tag="008">160216n||az|||||||##########||||||||||||</controlfield>
         <datafield tag="040" ind1=" " ind2=" ">
            <subfield code="a">J-NAa</subfield>
         </datafield>
         <datafield tag="043" ind1=" " ind2=" ">
            <subfield code="c">XB-JP</subfield>
         </datafield>
         <datafield tag="110" ind1="2" ind2=" ">
            <subfield code="a">H¯osa Bunko</subfield>
            <subfield code="c">Nagoya</subfield>
            <subfield code="g">J-NAa</subfield>
         </datafield>
         <datafield tag="410" ind1="2" ind2=" ">
            <subfield code="a">H¯osa Archive</subfield>
         </datafield>
         <datafield tag="622" ind1=" " ind2=" ">
            <subfield code="e">H¯osa Bunko, 2-27 Tokugawa-ch¯o, Higashi-ku, Nagoya, -shi, Aichi-ken 455</subfield>
         </datafield>
      </record>