
      <record>
         <leader>00000nz  a2200169   4500</leader>
         <controlfield tag="001">30004385</controlfield>
         <controlfield tag="003">RISM</controlfield>
         <controlfield tag="005">20160216</controlfield>
         <controlfield tag="008">160216n||az|||||||##########||||||||||||</controlfield>
         <datafield tag="040" ind1=" " ind2=" ">
            <subfield code="a">J-NAb</subfield>
         </datafield>
         <datafield tag="043" ind1=" " ind2=" ">
            <subfield code="c">XB-JP</subfield>
         </datafield>
         <datafield tag="110" ind1="2" ind2=" ">
            <subfield code="a">Ch¯ubu Nippon H¯os¯o Shiry¯oka</subfield>
            <subfield code="c">Nagoya</subfield>
            <subfield code="g">J-NAb</subfield>
         </datafield>
         <datafield tag="410" ind1="2" ind2=" ">
            <subfield code="a">Ch¯ubu Nippon Broadcasting Materials Library</subfield>
         </datafield>
         <datafield tag="622" ind1=" " ind2=" ">
            <subfield code="e">Ch¯ubu Nippon H¯os¯o Shiry¯oka, 4-15 Shinsakae-machi, Naka-ku, Nagoya, -shi, Aichi-ken 460</subfield>
         </datafield>
      </record>