
      <record>
         <leader>00000nz  a2200169   4500</leader>
         <controlfield tag="001">30004389</controlfield>
         <controlfield tag="003">RISM</controlfield>
         <controlfield tag="005">20160216</controlfield>
         <controlfield tag="008">160216n||az|||||||##########||||||||||||</controlfield>
         <datafield tag="040" ind1=" " ind2=" ">
            <subfield code="a">J-NAcl</subfield>
         </datafield>
         <datafield tag="043" ind1=" " ind2=" ">
            <subfield code="c">XB-JP</subfield>
         </datafield>
         <datafield tag="110" ind1="2" ind2=" ">
            <subfield code="a">Nagoya-shi Tsurumai Ch¯u¯o Toshokan</subfield>
            <subfield code="c">Nagoya</subfield>
            <subfield code="g">J-NAcl</subfield>
         </datafield>
         <datafield tag="410" ind1="2" ind2=" ">
            <subfield code="a">Tsurumai Central Library, Nagoya</subfield>
         </datafield>
         <datafield tag="622" ind1=" " ind2=" ">
            <subfield code="e">Nagoya-shi Tsurumai Ch¯u¯o Toshokan, 1-1-155 Tsurumai-machi, Sh¯owa-ku,, Nagoya-shi, Aichi-ken 446</subfield>
         </datafield>
      </record>