
      <record>
         <leader>00000nz  a2200169   4500</leader>
         <controlfield tag="001">30004387</controlfield>
         <controlfield tag="003">RISM</controlfield>
         <controlfield tag="005">20160216</controlfield>
         <controlfield tag="008">160216n||az|||||||##########||||||||||||</controlfield>
         <datafield tag="040" ind1=" " ind2=" ">
            <subfield code="a">J-NAt</subfield>
         </datafield>
         <datafield tag="043" ind1=" " ind2=" ">
            <subfield code="c">XB-JP</subfield>
         </datafield>
         <datafield tag="110" ind1="2" ind2=" ">
            <subfield code="a">Misonoza Shiry¯o Shitsu</subfield>
            <subfield code="c">Nagoya</subfield>
            <subfield code="g">J-NAt</subfield>
         </datafield>
         <datafield tag="410" ind1="2" ind2=" ">
            <subfield code="a">Misonoza Theater Library</subfield>
         </datafield>
         <datafield tag="622" ind1=" " ind2=" ">
            <subfield code="e">Misonoza Shiry¯o Shitsu, 1-6-14 Sakae, Naka-ku, Nagoya-shi,, Aichi-ken 460</subfield>
         </datafield>
      </record>