
      <record>
         <leader>00000nz  a2200169   4500</leader>
         <controlfield tag="001">30004388</controlfield>
         <controlfield tag="003">RISM</controlfield>
         <controlfield tag="005">20160216</controlfield>
         <controlfield tag="008">160216n||az|||||||##########||||||||||||</controlfield>
         <datafield tag="040" ind1=" " ind2=" ">
            <subfield code="a">J-NAu</subfield>
         </datafield>
         <datafield tag="043" ind1=" " ind2=" ">
            <subfield code="c">XB-JP</subfield>
         </datafield>
         <datafield tag="110" ind1="2" ind2=" ">
            <subfield code="a">Nagoya Daigaku</subfield>
            <subfield code="c">Nagoya</subfield>
            <subfield code="g">J-NAu</subfield>
         </datafield>
         <datafield tag="410" ind1="2" ind2=" ">
            <subfield code="a">Nagoya University, Library</subfield>
         </datafield>
         <datafield tag="622" ind1=" " ind2=" ">
            <subfield code="e">Nagoya Daigaku, 1 Fur¯o-ch¯o, Chigusa-ku, Nagoya-shi,, Aichi-ken 464</subfield>
         </datafield>
      </record>