
      <record>
         <leader>00000nz  a2200169   4500</leader>
         <controlfield tag="001">30004384</controlfield>
         <controlfield tag="003">RISM</controlfield>
         <controlfield tag="005">20160216</controlfield>
         <controlfield tag="008">160216n||az|||||||##########||||||||||||</controlfield>
         <datafield tag="040" ind1=" " ind2=" ">
            <subfield code="a">J-NKpl</subfield>
         </datafield>
         <datafield tag="043" ind1=" " ind2=" ">
            <subfield code="c">XB-JP</subfield>
         </datafield>
         <datafield tag="110" ind1="2" ind2=" ">
            <subfield code="a">Kenritsu Nagasaki Toshokan</subfield>
            <subfield code="c">Nagasaki</subfield>
            <subfield code="g">J-NKpl</subfield>
         </datafield>
         <datafield tag="410" ind1="2" ind2=" ">
            <subfield code="a">Nagasaki Prefectural Library</subfield>
         </datafield>
         <datafield tag="622" ind1=" " ind2=" ">
            <subfield code="e">Kenritsu Nagasaki Toshokan, 1 Kami Nishiyama, Nagasaki-shi,, Nagasaki-ken 850</subfield>
         </datafield>
      </record>