
      <record>
         <leader>00000nz  a2200169   4500</leader>
         <controlfield tag="001">30004399</controlfield>
         <controlfield tag="003">RISM</controlfield>
         <controlfield tag="005">20160216</controlfield>
         <controlfield tag="008">160216n||az|||||||##########||||||||||||</controlfield>
         <datafield tag="040" ind1=" " ind2=" ">
            <subfield code="a">J-NMku</subfield>
         </datafield>
         <datafield tag="043" ind1=" " ind2=" ">
            <subfield code="c">XB-JP</subfield>
         </datafield>
         <datafield tag="110" ind1="2" ind2=" ">
            <subfield code="a">K¯obe Jogakuin Daigaku</subfield>
            <subfield code="c">Nishinomiya</subfield>
            <subfield code="g">J-NMku</subfield>
         </datafield>
         <datafield tag="410" ind1="2" ind2=" ">
            <subfield code="a">K¯obe Jogakuin University, Library</subfield>
         </datafield>
         <datafield tag="622" ind1=" " ind2=" ">
            <subfield code="e">K¯obe Jogakuin Daigaku, 4-1 Okadayama, Nishinomiya-shi, Hy¯ogo, -ken 662</subfield>
         </datafield>
      </record>