
      <record>
         <leader>00000nz  a2200169   4500</leader>
         <controlfield tag="001">30004398</controlfield>
         <controlfield tag="003">RISM</controlfield>
         <controlfield tag="005">20160216</controlfield>
         <controlfield tag="008">160216n||az|||||||##########||||||||||||</controlfield>
         <datafield tag="040" ind1=" " ind2=" ">
            <subfield code="a">J-NOnt</subfield>
         </datafield>
         <datafield tag="043" ind1=" " ind2=" ">
            <subfield code="c">XB-JP</subfield>
         </datafield>
         <datafield tag="110" ind1="2" ind2=" ">
            <subfield code="a">Nikk¯o T¯osh¯o-g¯u H¯omotsukan</subfield>
            <subfield code="c">Nikk¯o</subfield>
            <subfield code="g">J-NOnt</subfield>
         </datafield>
         <datafield tag="410" ind1="2" ind2=" ">
            <subfield code="a">Nikk¯o T¯osh¯o Shrine Treasure Hall</subfield>
         </datafield>
         <datafield tag="622" ind1=" " ind2=" ">
            <subfield code="e">Nikk¯o T¯osh¯o-g¯u H¯omotsukan, 2301 Yamanouchi, Nikk¯o-shi, Tochigi, -ken 321-14</subfield>
         </datafield>
      </record>