
      <record>
         <leader>00000nz  a2200169   4500</leader>
         <controlfield tag="001">30004391</controlfield>
         <controlfield tag="003">RISM</controlfield>
         <controlfield tag="005">20160216</controlfield>
         <controlfield tag="008">160216n||az|||||||##########||||||||||||</controlfield>
         <datafield tag="040" ind1=" " ind2=" ">
            <subfield code="a">J-NRko</subfield>
         </datafield>
         <datafield tag="043" ind1=" " ind2=" ">
            <subfield code="c">XB-JP</subfield>
         </datafield>
         <datafield tag="110" ind1="2" ind2=" ">
            <subfield code="a">K¯ofukuji</subfield>
            <subfield code="c">Nara</subfield>
            <subfield code="g">J-NRko</subfield>
         </datafield>
         <datafield tag="622" ind1=" " ind2=" ">
            <subfield code="e">K¯ofukuji, 59 Nobori¯oji-ch¯o, Nara-shi, Nara-ken, 630</subfield>
         </datafield>
      </record>