
      <record>
         <leader>00000nz  a2200169   4500</leader>
         <controlfield tag="001">30004397</controlfield>
         <controlfield tag="003">RISM</controlfield>
         <controlfield tag="005">20160216</controlfield>
         <controlfield tag="008">160216n||az|||||||##########||||||||||||</controlfield>
         <datafield tag="040" ind1=" " ind2=" ">
            <subfield code="a">J-NUml</subfield>
         </datafield>
         <datafield tag="043" ind1=" " ind2=" ">
            <subfield code="c">XB-JP</subfield>
         </datafield>
         <datafield tag="110" ind1="2" ind2=" ">
            <subfield code="a">Niitsu Kinen Toshokan</subfield>
            <subfield code="c">Niitsu</subfield>
            <subfield code="g">J-NUml</subfield>
         </datafield>
         <datafield tag="410" ind1="2" ind2=" ">
            <subfield code="a">Niitsu Mumincipal Memorial Library</subfield>
         </datafield>
         <datafield tag="622" ind1=" " ind2=" ">
            <subfield code="e">Niitsu Kinen Toshokan, 4-5-35 Hommachi, Niitsu-shi, Niigata, -ken 956</subfield>
         </datafield>
      </record>