
      <record>
         <leader>00000nz  a2200169   4500</leader>
         <controlfield tag="001">30004407</controlfield>
         <controlfield tag="003">RISM</controlfield>
         <controlfield tag="005">20160216</controlfield>
         <controlfield tag="008">160216n||az|||||||##########||||||||||||</controlfield>
         <datafield tag="040" ind1=" " ind2=" ">
            <subfield code="a">J-Obk</subfield>
         </datafield>
         <datafield tag="043" ind1=" " ind2=" ">
            <subfield code="c">XB-JP</subfield>
         </datafield>
         <datafield tag="110" ind1="2" ind2=" ">
            <subfield code="a">Bunraku Ky¯okai</subfield>
            <subfield code="c">Osaka</subfield>
            <subfield code="g">J-Obk</subfield>
         </datafield>
         <datafield tag="622" ind1=" " ind2=" ">
            <subfield code="e">Bunraku Ky¯okai, Asahiza Theater, 1 Higashi Yagura, -machi, Minami-ku, Osaka-shi, Osaka-fu, 542</subfield>
         </datafield>
      </record>