
      <record>
         <leader>00000nz  a2200169   4500</leader>
         <controlfield tag="001">30004403</controlfield>
         <controlfield tag="003">RISM</controlfield>
         <controlfield tag="005">20160216</controlfield>
         <controlfield tag="008">160216n||az|||||||##########||||||||||||</controlfield>
         <datafield tag="040" ind1=" " ind2=" ">
            <subfield code="a">J-ODml</subfield>
         </datafield>
         <datafield tag="043" ind1=" " ind2=" ">
            <subfield code="c">XB-JP</subfield>
         </datafield>
         <datafield tag="110" ind1="2" ind2=" ">
            <subfield code="a">¯Odate Shiritsu Kurimori Kinen Toshokan</subfield>
            <subfield code="c">¯Odate</subfield>
            <subfield code="g">J-ODml</subfield>
         </datafield>
         <datafield tag="410" ind1="2" ind2=" ">
            <subfield code="a">¯Odate Municipal Kurimori Memorial Library</subfield>
         </datafield>
         <datafield tag="622" ind1=" " ind2=" ">
            <subfield code="e">¯Odate Shiritsu Kurimori Kinen Toshokan, 13 Yachi-machi, ¯Odate-shi, Akita-ken, 017</subfield>
         </datafield>
      </record>