
      <record>
         <leader>00000nz  a2200169   4500</leader>
         <controlfield tag="001">30004406</controlfield>
         <controlfield tag="003">RISM</controlfield>
         <controlfield tag="005">20160216</controlfield>
         <controlfield tag="008">160216n||az|||||||##########||||||||||||</controlfield>
         <datafield tag="040" ind1=" " ind2=" ">
            <subfield code="a">J-OKsl</subfield>
         </datafield>
         <datafield tag="043" ind1=" " ind2=" ">
            <subfield code="c">XB-JP</subfield>
         </datafield>
         <datafield tag="110" ind1="2" ind2=" ">
            <subfield code="a">Saij¯o Toshokan</subfield>
            <subfield code="c">Okayama</subfield>
            <subfield code="g">J-OKsl</subfield>
         </datafield>
         <datafield tag="410" ind1="2" ind2=" ">
            <subfield code="a">Saij¯o Library</subfield>
         </datafield>
         <datafield tag="622" ind1=" " ind2=" ">
            <subfield code="e">Saij¯o Toshokan, 712 Takamatsu Inari, Okayama-shi,, Okayama-ken 701-13</subfield>
         </datafield>
      </record>