
      <record>
         <leader>00000nz  a2200169   4500</leader>
         <controlfield tag="001">30004404</controlfield>
         <controlfield tag="003">RISM</controlfield>
         <controlfield tag="005">20160216</controlfield>
         <controlfield tag="008">160216n||az|||||||##########||||||||||||</controlfield>
         <datafield tag="040" ind1=" " ind2=" ">
            <subfield code="a">J-OKu</subfield>
         </datafield>
         <datafield tag="043" ind1=" " ind2=" ">
            <subfield code="c">XB-JP</subfield>
         </datafield>
         <datafield tag="110" ind1="2" ind2=" ">
            <subfield code="a">Okayama Daigaku</subfield>
            <subfield code="c">Okayama</subfield>
            <subfield code="g">J-OKu</subfield>
         </datafield>
         <datafield tag="410" ind1="2" ind2=" ">
            <subfield code="a">Okayama University, Library</subfield>
         </datafield>
         <datafield tag="622" ind1=" " ind2=" ">
            <subfield code="e">Okayama Daigaku, 184 Tsushima, Okayama-shi, Okayama-ken, 700</subfield>
         </datafield>
      </record>