
      <record>
         <leader>00000nz  a2200169   4500</leader>
         <controlfield tag="001">30004410</controlfield>
         <controlfield tag="003">RISM</controlfield>
         <controlfield tag="005">20160216</controlfield>
         <controlfield tag="008">160216n||az|||||||##########||||||||||||</controlfield>
         <datafield tag="040" ind1=" " ind2=" ">
            <subfield code="a">J-Oml</subfield>
         </datafield>
         <datafield tag="043" ind1=" " ind2=" ">
            <subfield code="c">XB-JP</subfield>
         </datafield>
         <datafield tag="110" ind1="2" ind2=" ">
            <subfield code="a">Osaka Shiritsu Ch¯u¯o Toshokan</subfield>
            <subfield code="c">Osaka</subfield>
            <subfield code="g">J-Oml</subfield>
         </datafield>
         <datafield tag="410" ind1="2" ind2=" ">
            <subfield code="a">Municipal Central Library</subfield>
         </datafield>
         <datafield tag="622" ind1=" " ind2=" ">
            <subfield code="e">Osaka Shiritsu Ch¯u¯o Toshokan, 5-1 Oike-d¯ori, Kita Horie, Nishi-ku,, Osaka-shi, Osaka-fu 550</subfield>
         </datafield>
      </record>