
      <record>
         <leader>00000nz  a2200169   4500</leader>
         <controlfield tag="001">30004408</controlfield>
         <controlfield tag="003">RISM</controlfield>
         <controlfield tag="005">20160216</controlfield>
         <controlfield tag="008">160216n||az|||||||##########||||||||||||</controlfield>
         <datafield tag="040" ind1=" " ind2=" ">
            <subfield code="a">J-Opl</subfield>
         </datafield>
         <datafield tag="043" ind1=" " ind2=" ">
            <subfield code="c">XB-JP</subfield>
         </datafield>
         <datafield tag="110" ind1="2" ind2=" ">
            <subfield code="a">Osaka Furitsu Toshokan Tenn¯oji Bekkan</subfield>
            <subfield code="c">Osaka</subfield>
            <subfield code="g">J-Opl</subfield>
         </datafield>
         <datafield tag="410" ind1="2" ind2=" ">
            <subfield code="a">Osaka Prefectural Library, Tenn¯oji Branch</subfield>
         </datafield>
         <datafield tag="622" ind1=" " ind2=" ">
            <subfield code="e">Osaka Furitsu Toshokan Tenn¯oji Bekkan, 3-1-16 Sh¯owa-ch¯o, Abeno-ku, Osaka, -shi, Osaka-fu 543</subfield>
         </datafield>
      </record>