
      <record>
         <leader>00000nz  a2200169   4500</leader>
         <controlfield tag="001">30004413</controlfield>
         <controlfield tag="003">RISM</controlfield>
         <controlfield tag="005">20160216</controlfield>
         <controlfield tag="008">160216n||az|||||||##########||||||||||||</controlfield>
         <datafield tag="040" ind1=" " ind2=" ">
            <subfield code="a">J-OTh</subfield>
         </datafield>
         <datafield tag="043" ind1=" " ind2=" ">
            <subfield code="c">XB-JP</subfield>
         </datafield>
         <datafield tag="110" ind1="2" ind2=" ">
            <subfield code="a">H¯omanin</subfield>
            <subfield code="c">¯Otsu</subfield>
            <subfield code="g">J-OTh</subfield>
         </datafield>
         <datafield tag="622" ind1=" " ind2=" ">
            <subfield code="e">H¯omanin, Sakamoto Honch¯o, ¯Otsu-shi, Shiga-ken, 520-01</subfield>
         </datafield>
      </record>