
      <record>
         <leader>00000nz  a2200169   4500</leader>
         <controlfield tag="001">30004409</controlfield>
         <controlfield tag="003">RISM</controlfield>
         <controlfield tag="005">20160216</controlfield>
         <controlfield tag="008">160216n||az|||||||##########||||||||||||</controlfield>
         <datafield tag="040" ind1=" " ind2=" ">
            <subfield code="a">J-Ou</subfield>
         </datafield>
         <datafield tag="043" ind1=" " ind2=" ">
            <subfield code="c">XB-JP</subfield>
         </datafield>
         <datafield tag="110" ind1="2" ind2=" ">
            <subfield code="a">Osaka Joshi Daigaku</subfield>
            <subfield code="c">Osaka</subfield>
            <subfield code="g">J-Ou</subfield>
         </datafield>
         <datafield tag="410" ind1="2" ind2=" ">
            <subfield code="a">Osaka Women's University, Library</subfield>
         </datafield>
         <datafield tag="622" ind1=" " ind2=" ">
            <subfield code="e">Osaka Joshi Daigaku, Higashi 3-ch¯ome, Tezukayama, Sumiyoshi, -ku, Osaka-shi, Osaka-fu 558</subfield>
         </datafield>
      </record>