
      <record>
         <leader>00000nz  a2200169   4500</leader>
         <controlfield tag="001">30004415</controlfield>
         <controlfield tag="003">RISM</controlfield>
         <controlfield tag="005">20160216</controlfield>
         <controlfield tag="008">160216n||az|||||||##########||||||||||||</controlfield>
         <datafield tag="040" ind1=" " ind2=" ">
            <subfield code="a">J-OUml</subfield>
         </datafield>
         <datafield tag="043" ind1=" " ind2=" ">
            <subfield code="c">XB-JP</subfield>
         </datafield>
         <datafield tag="110" ind1="2" ind2=" ">
            <subfield code="a">¯Ozu Shiritsu Toshokan</subfield>
            <subfield code="c">¯Ozu</subfield>
            <subfield code="g">J-OUml</subfield>
         </datafield>
         <datafield tag="410" ind1="2" ind2=" ">
            <subfield code="a">¯Ozu Municipal Library</subfield>
         </datafield>
         <datafield tag="622" ind1=" " ind2=" ">
            <subfield code="e">¯Ozu Shiritsu Toshokan, 678-1 ¯Ozu, ¯Ozu-shi, Ehime-ken 795</subfield>
         </datafield>
      </record>