
      <record>
         <leader>00000nz  a2200169   4500</leader>
         <controlfield tag="001">30004411</controlfield>
         <controlfield tag="003">RISM</controlfield>
         <controlfield tag="005">20160216</controlfield>
         <controlfield tag="008">160216n||az|||||||##########||||||||||||</controlfield>
         <datafield tag="040" ind1=" " ind2=" ">
            <subfield code="a">J-Oyd</subfield>
         </datafield>
         <datafield tag="043" ind1=" " ind2=" ">
            <subfield code="c">XB-JP</subfield>
         </datafield>
         <datafield tag="110" ind1="2" ind2=" ">
            <subfield code="a">Y¯uz¯u Dainembutsuji</subfield>
            <subfield code="c">Osaka</subfield>
            <subfield code="g">J-Oyd</subfield>
         </datafield>
         <datafield tag="622" ind1=" " ind2=" ">
            <subfield code="e">Y¯uz¯u Dainembutsuji, 10 Hirano Kami-machi, Hirano-ku, Osaka, -shi, Osaka-fu 546</subfield>
         </datafield>
      </record>