
      <record>
         <leader>00000nz  a2200169   4500</leader>
         <controlfield tag="001">30004414</controlfield>
         <controlfield tag="003">RISM</controlfield>
         <controlfield tag="005">20160216</controlfield>
         <controlfield tag="008">160216n||az|||||||##########||||||||||||</controlfield>
         <datafield tag="040" ind1=" " ind2=" ">
            <subfield code="a">J-SAu</subfield>
         </datafield>
         <datafield tag="043" ind1=" " ind2=" ">
            <subfield code="c">XB-JP</subfield>
         </datafield>
         <datafield tag="110" ind1="2" ind2=" ">
            <subfield code="a">Saga Daigaku</subfield>
            <subfield code="c">Saga</subfield>
            <subfield code="g">J-SAu</subfield>
         </datafield>
         <datafield tag="410" ind1="2" ind2=" ">
            <subfield code="a">Saga University, Library</subfield>
         </datafield>
         <datafield tag="622" ind1=" " ind2=" ">
            <subfield code="e">Saga Daigaku, 1 Honj¯o-machi, Saga-shi, Saga-ken 840</subfield>
         </datafield>
      </record>