
      <record>
         <leader>00000nz  a2200169   4500</leader>
         <controlfield tag="001">30004418</controlfield>
         <controlfield tag="003">RISM</controlfield>
         <controlfield tag="005">20160216</controlfield>
         <controlfield tag="008">160216n||az|||||||##########||||||||||||</controlfield>
         <datafield tag="040" ind1=" " ind2=" ">
            <subfield code="a">J-SBcl</subfield>
         </datafield>
         <datafield tag="043" ind1=" " ind2=" ">
            <subfield code="c">XB-JP</subfield>
         </datafield>
         <datafield tag="110" ind1="2" ind2=" ">
            <subfield code="a">Shimabara K¯ominkan Toshobu</subfield>
            <subfield code="c">Shimabara</subfield>
            <subfield code="g">J-SBcl</subfield>
         </datafield>
         <datafield tag="410" ind1="2" ind2=" ">
            <subfield code="a">Shimabara Civic Central Library</subfield>
         </datafield>
         <datafield tag="622" ind1=" " ind2=" ">
            <subfield code="e">Shimabara K¯ominkan Toshobu, Sakura no Baba, Shimabara-shi, Nagasaki, -ken 855</subfield>
         </datafield>
      </record>