
      <record>
         <leader>00000nz  a2200169   4500</leader>
         <controlfield tag="001">30004416</controlfield>
         <controlfield tag="003">RISM</controlfield>
         <controlfield tag="005">20160216</controlfield>
         <controlfield tag="008">160216n||az|||||||##########||||||||||||</controlfield>
         <datafield tag="040" ind1=" " ind2=" ">
            <subfield code="a">J-SEc</subfield>
         </datafield>
         <datafield tag="043" ind1=" " ind2=" ">
            <subfield code="c">XB-JP</subfield>
         </datafield>
         <datafield tag="110" ind1="2" ind2=" ">
            <subfield code="a">Miyagi Gakuen Joshi Daigaku</subfield>
            <subfield code="c">Sendai</subfield>
            <subfield code="g">J-SEc</subfield>
         </datafield>
         <datafield tag="410" ind1="2" ind2=" ">
            <subfield code="a">Miyagi Gakuen Women's College, Library</subfield>
         </datafield>
         <datafield tag="622" ind1=" " ind2=" ">
            <subfield code="e">Miyagi Gakuen Joshi Daigaku, 4-6-1 Ch¯u¯o, Senda-shi, Miyagi-ken 98</subfield>
         </datafield>
      </record>