
      <record>
         <leader>00000nz  a2200169   4500</leader>
         <controlfield tag="001">30004417</controlfield>
         <controlfield tag="003">RISM</controlfield>
         <controlfield tag="005">20160216</controlfield>
         <controlfield tag="008">160216n||az|||||||##########||||||||||||</controlfield>
         <datafield tag="040" ind1=" " ind2=" ">
            <subfield code="a">J-SEu</subfield>
         </datafield>
         <datafield tag="043" ind1=" " ind2=" ">
            <subfield code="c">XB-JP</subfield>
         </datafield>
         <datafield tag="110" ind1="2" ind2=" ">
            <subfield code="a">T¯ohoku Daigaku</subfield>
            <subfield code="c">Sendai</subfield>
            <subfield code="g">J-SEu</subfield>
         </datafield>
         <datafield tag="410" ind1="2" ind2=" ">
            <subfield code="a">T¯ohoku University, Library</subfield>
         </datafield>
         <datafield tag="622" ind1=" " ind2=" ">
            <subfield code="e">T¯ohoku Daigaku, 2-1-1 Katahira, Sendai-shi, Miyagi-ken, 980</subfield>
         </datafield>
      </record>