
      <record>
         <leader>00000nz  a2200169   4500</leader>
         <controlfield tag="001">30004419</controlfield>
         <controlfield tag="003">RISM</controlfield>
         <controlfield tag="005">20160216</controlfield>
         <controlfield tag="008">160216n||az|||||||##########||||||||||||</controlfield>
         <datafield tag="040" ind1=" " ind2=" ">
            <subfield code="a">J-SUu</subfield>
         </datafield>
         <datafield tag="043" ind1=" " ind2=" ">
            <subfield code="c">XB-JP</subfield>
         </datafield>
         <datafield tag="110" ind1="2" ind2=" ">
            <subfield code="a">Kansai Daigaku</subfield>
            <subfield code="c">Suita</subfield>
            <subfield code="g">J-SUu</subfield>
         </datafield>
         <datafield tag="410" ind1="2" ind2=" ">
            <subfield code="a">Kansai University, Library</subfield>
         </datafield>
         <datafield tag="622" ind1=" " ind2=" ">
            <subfield code="e">Kansai Daigaku, 3-10-1 Senriyama Higashi, Suita-shi,, Osaka-fu 570</subfield>
         </datafield>
      </record>