
      <record>
         <leader>00000nz  a2200169   4500</leader>
         <controlfield tag="001">30004420</controlfield>
         <controlfield tag="003">RISM</controlfield>
         <controlfield tag="005">20160216</controlfield>
         <controlfield tag="008">160216n||az|||||||##########||||||||||||</controlfield>
         <datafield tag="040" ind1=" " ind2=" ">
            <subfield code="a">J-TAit</subfield>
         </datafield>
         <datafield tag="043" ind1=" " ind2=" ">
            <subfield code="c">XB-JP</subfield>
         </datafield>
         <datafield tag="110" ind1="2" ind2=" ">
            <subfield code="a">Izumo Taisha H¯omotsuden</subfield>
            <subfield code="c">Taisha</subfield>
            <subfield code="g">J-TAit</subfield>
         </datafield>
         <datafield tag="410" ind1="2" ind2=" ">
            <subfield code="a">Izumo Grand Shrine Treasure Hall</subfield>
         </datafield>
         <datafield tag="622" ind1=" " ind2=" ">
            <subfield code="e">Izumo Taisha H¯omotsuden, Taisha-machi, Shimane-ken 693</subfield>
         </datafield>
      </record>