
      <record>
         <leader>00000nz  a2200169   4500</leader>
         <controlfield tag="001">30004433</controlfield>
         <controlfield tag="003">RISM</controlfield>
         <controlfield tag="005">20160216</controlfield>
         <controlfield tag="008">160216n||az|||||||##########||||||||||||</controlfield>
         <datafield tag="040" ind1=" " ind2=" ">
            <subfield code="a">J-Tca</subfield>
         </datafield>
         <datafield tag="043" ind1=" " ind2=" ">
            <subfield code="c">XB-JP</subfield>
         </datafield>
         <datafield tag="110" ind1="2" ind2=" ">
            <subfield code="a">Minshu Ongaku Ky¯okai Toshokan</subfield>
            <subfield code="c">Tokyo</subfield>
            <subfield code="g">J-Tca</subfield>
         </datafield>
         <datafield tag="410" ind1="2" ind2=" ">
            <subfield code="a">Min-On Concert Association Library</subfield>
         </datafield>
         <datafield tag="410" ind1="2" ind2=" ">
            <subfield code="a">Min-On Music Museum, Music Library</subfield>
         </datafield>
         <datafield tag="622" ind1=" " ind2=" ">
            <subfield code="e">Minshu Ongaku Ky¯okai Toshokan, 8, Shinanomachi, Shinjuku-ku, Tokyo, 160-8588, Japan</subfield>
            <subfield code="u">http://www.min-on.org/</subfield>
         </datafield>
      </record>