
      <record>
         <leader>00000nz  a2200169   4500</leader>
         <controlfield tag="001">30004445</controlfield>
         <controlfield tag="003">RISM</controlfield>
         <controlfield tag="005">20160216</controlfield>
         <controlfield tag="008">160216n||az|||||||##########||||||||||||</controlfield>
         <datafield tag="040" ind1=" " ind2=" ">
            <subfield code="a">J-Tgu</subfield>
         </datafield>
         <datafield tag="043" ind1=" " ind2=" ">
            <subfield code="c">XB-JP</subfield>
         </datafield>
         <datafield tag="110" ind1="2" ind2=" ">
            <subfield code="a">T¯oh¯o Gakuen Daigaku Ongakubu</subfield>
            <subfield code="c">Tokyo</subfield>
            <subfield code="g">J-Tgu</subfield>
         </datafield>
         <datafield tag="410" ind1="2" ind2=" ">
            <subfield code="a">T¯oh¯o Gakuen University School of Music, Library</subfield>
         </datafield>
         <datafield tag="622" ind1=" " ind2=" ">
            <subfield code="e">T¯oh¯o Gakuen Daigaku Ongakubu, 1-41-1 Wakaba-ch¯o, Ch¯ofu-shi, Tokyo, 182</subfield>
         </datafield>
      </record>