
      <record>
         <leader>00000nz  a2200169   4500</leader>
         <controlfield tag="001">30004463</controlfield>
         <controlfield tag="003">RISM</controlfield>
         <controlfield tag="005">20160216</controlfield>
         <controlfield tag="008">160216n||az|||||||##########||||||||||||</controlfield>
         <datafield tag="040" ind1=" " ind2=" ">
            <subfield code="a">J-TIcc</subfield>
         </datafield>
         <datafield tag="043" ind1=" " ind2=" ">
            <subfield code="c">XB-JP</subfield>
         </datafield>
         <datafield tag="110" ind1="2" ind2=" ">
            <subfield code="a">Toyohashi Shimin Bunka Kaikan</subfield>
            <subfield code="c">Toyohashi</subfield>
            <subfield code="g">J-TIcc</subfield>
         </datafield>
         <datafield tag="410" ind1="2" ind2=" ">
            <subfield code="a">Toyohashi Citizen's Civic Center</subfield>
         </datafield>
         <datafield tag="622" ind1=" " ind2=" ">
            <subfield code="e">Toyohashi Shimin Bunka Kaikan, 20-1 ¯Oike-ch¯o, Mukaiyama, Toyohashi, -shi, Aichi-ken 440</subfield>
         </datafield>
      </record>