
      <record>
         <leader>00000nz  a2200169   4500</leader>
         <controlfield tag="001">30004430</controlfield>
         <controlfield tag="003">RISM</controlfield>
         <controlfield tag="005">20160216</controlfield>
         <controlfield tag="008">160216n||az|||||||##########||||||||||||</controlfield>
         <datafield tag="040" ind1=" " ind2=" ">
            <subfield code="a">J-Tih</subfield>
         </datafield>
         <datafield tag="043" ind1=" " ind2=" ">
            <subfield code="c">XB-JP</subfield>
         </datafield>
         <datafield tag="110" ind1="2" ind2=" ">
            <subfield code="a">Kunaich¯o Shory¯obu</subfield>
            <subfield code="c">Tokyo</subfield>
            <subfield code="g">J-Tih</subfield>
         </datafield>
         <datafield tag="410" ind1="2" ind2=" ">
            <subfield code="a">Imperial Household Agency, Department of Archives and Mausolea</subfield>
         </datafield>
         <datafield tag="622" ind1=" " ind2=" ">
            <subfield code="e">Kunaich¯o Shory¯obu, 1-1 Chiyoda, Chiyoda-ku, Tokyo 100</subfield>
         </datafield>
      </record>