
      <record>
         <leader>00000nz  a2200169   4500</leader>
         <controlfield tag="001">30004431</controlfield>
         <controlfield tag="003">RISM</controlfield>
         <controlfield tag="005">20160216</controlfield>
         <controlfield tag="008">160216n||az|||||||##########||||||||||||</controlfield>
         <datafield tag="040" ind1=" " ind2=" ">
            <subfield code="a">J-Tk</subfield>
         </datafield>
         <datafield tag="043" ind1=" " ind2=" ">
            <subfield code="c">XB-JP</subfield>
         </datafield>
         <datafield tag="110" ind1="2" ind2=" ">
            <subfield code="a">Kunitachi Ongaku Daigaku &lt;Tokyo&gt;</subfield>
            <subfield code="c">Tokyo</subfield>
            <subfield code="g">J-Tk</subfield>
         </datafield>
         <datafield tag="410" ind1="2" ind2=" ">
            <subfield code="a">Kunitachi Musik College, Library</subfield>
         </datafield>
         <datafield tag="622" ind1=" " ind2=" ">
            <subfield code="e">Kunitachi Ongaku Daigaku &lt;Tokyo&gt;, 5-5-1 Kashiwa-ch¯o, Tachikawa-shi, 190 Tokyo, Japan</subfield>
         </datafield>
      </record>