
      <record>
         <leader>00000nz  a2200169   4500</leader>
         <controlfield tag="001">30004429</controlfield>
         <controlfield tag="003">RISM</controlfield>
         <controlfield tag="005">20160216</controlfield>
         <controlfield tag="008">160216n||az|||||||##########||||||||||||</controlfield>
         <datafield tag="040" ind1=" " ind2=" ">
            <subfield code="a">J-Tka</subfield>
         </datafield>
         <datafield tag="043" ind1=" " ind2=" ">
            <subfield code="c">XB-JP</subfield>
         </datafield>
         <datafield tag="110" ind1="2" ind2=" ">
            <subfield code="a">K¯ozan Bunko</subfield>
            <subfield code="c">Tokyo</subfield>
            <subfield code="g">J-Tka</subfield>
         </datafield>
         <datafield tag="410" ind1="2" ind2=" ">
            <subfield code="a">K¯ozan Archive</subfield>
         </datafield>
         <datafield tag="622" ind1=" " ind2=" ">
            <subfield code="e">K¯ozan Bunko, 6-20-7 ¯Oi, Shinagawa-ku, Tokyo 140</subfield>
         </datafield>
      </record>