
      <record>
         <leader>00000nz  a2200169   4500</leader>
         <controlfield tag="001">30004425</controlfield>
         <controlfield tag="003">RISM</controlfield>
         <controlfield tag="005">20160216</controlfield>
         <controlfield tag="008">160216n||az|||||||##########||||||||||||</controlfield>
         <datafield tag="040" ind1=" " ind2=" ">
            <subfield code="a">J-Tku</subfield>
         </datafield>
         <datafield tag="043" ind1=" " ind2=" ">
            <subfield code="c">XB-JP</subfield>
         </datafield>
         <datafield tag="110" ind1="2" ind2=" ">
            <subfield code="a">Kei¯o Gijuku Daigaku, Mita Information Center</subfield>
            <subfield code="c">Tokyo</subfield>
            <subfield code="g">J-Tku</subfield>
         </datafield>
         <datafield tag="410" ind1="2" ind2=" ">
            <subfield code="a">Kei¯o Private University, Mita Information Center</subfield>
         </datafield>
         <datafield tag="622" ind1=" " ind2=" ">
            <subfield code="e">Kei¯o Gijuku Daigaku, Mita Information, Center, 2-15-45 Mita, Minato-ku, Tokyo 108</subfield>
         </datafield>
      </record>