
      <record>
         <leader>00000nz  a2200169   4500</leader>
         <controlfield tag="001">30002006</controlfield>
         <controlfield tag="003">RISM</controlfield>
         <controlfield tag="005">20160216</controlfield>
         <controlfield tag="008">160216n||az|||||||##########||||||||||||</controlfield>
         <datafield tag="040" ind1=" " ind2=" ">
            <subfield code="a">J-Tma</subfield>
         </datafield>
         <datafield tag="043" ind1=" " ind2=" ">
            <subfield code="c">XB-JP</subfield>
         </datafield>
         <datafield tag="110" ind1="2" ind2=" ">
            <subfield code="a">Musashino Ongaku Daigaku</subfield>
            <subfield code="c">Tokyo</subfield>
            <subfield code="g">J-Tma</subfield>
         </datafield>
         <datafield tag="410" ind1="2" ind2=" ">
            <subfield code="a">Musashino Academia Musicae</subfield>
         </datafield>
         <datafield tag="410" ind1="2" ind2=" ">
            <subfield code="a">Musashino Music College</subfield>
         </datafield>
         <datafield tag="410" ind1="2" ind2=" ">
            <subfield code="a">Bibliotheca Musashino Academia Musicae</subfield>
         </datafield>
         <datafield tag="622" ind1=" " ind2=" ">
            <subfield code="e">Musashino Ongaku Daigaku, Nerima-ku, 1-13 Hazawa-chō, Tokyo 176, Japan</subfield>
            <subfield code="u">http://www.musashino-music.ac.jp</subfield>
         </datafield>
      </record>