
      <record>
         <leader>00000nz  a2200169   4500</leader>
         <controlfield tag="001">30004434</controlfield>
         <controlfield tag="003">RISM</controlfield>
         <controlfield tag="005">20160216</controlfield>
         <controlfield tag="008">160216n||az|||||||##########||||||||||||</controlfield>
         <datafield tag="040" ind1=" " ind2=" ">
            <subfield code="a">J-Tme</subfield>
         </datafield>
         <datafield tag="043" ind1=" " ind2=" ">
            <subfield code="c">XB-JP</subfield>
         </datafield>
         <datafield tag="110" ind1="2" ind2=" ">
            <subfield code="a">Mombush¯o Shiry¯okan</subfield>
            <subfield code="c">Tokyo</subfield>
            <subfield code="g">J-Tme</subfield>
         </datafield>
         <datafield tag="410" ind1="2" ind2=" ">
            <subfield code="a">Ministry of Education Source Materials Bureau</subfield>
         </datafield>
         <datafield tag="622" ind1=" " ind2=" ">
            <subfield code="e">Mombush¯o Shiry¯okan, 1-16-10 Yutaka-ch¯o, Shinagawa-ku,, Tokyo 106</subfield>
         </datafield>
      </record>