
      <record>
         <leader>00000nz  a2200169   4500</leader>
         <controlfield tag="001">30004432</controlfield>
         <controlfield tag="003">RISM</controlfield>
         <controlfield tag="005">20160216</controlfield>
         <controlfield tag="008">160216n||az|||||||##########||||||||||||</controlfield>
         <datafield tag="040" ind1=" " ind2=" ">
            <subfield code="a">J-Tml</subfield>
         </datafield>
         <datafield tag="043" ind1=" " ind2=" ">
            <subfield code="c">XB-JP</subfield>
         </datafield>
         <datafield tag="110" ind1="2" ind2=" ">
            <subfield code="a">Maruzen Hon No Toshokan</subfield>
            <subfield code="c">Tokyo</subfield>
            <subfield code="g">J-Tml</subfield>
         </datafield>
         <datafield tag="410" ind1="2" ind2=" ">
            <subfield code="a">The Maruzen Library of Books on Books</subfield>
         </datafield>
         <datafield tag="622" ind1=" " ind2=" ">
            <subfield code="e">Maruzen Hon No Toshokan, Maruzen Book Store, 2-6 Tori,, Nihombashi, Ch¯u¯o-ku, Tokyo 103</subfield>
         </datafield>
      </record>