
      <record>
         <leader>00000nz  a2200169   4500</leader>
         <controlfield tag="001">30004436</controlfield>
         <controlfield tag="003">RISM</controlfield>
         <controlfield tag="005">20160216</controlfield>
         <controlfield tag="008">160216n||az|||||||##########||||||||||||</controlfield>
         <datafield tag="040" ind1=" " ind2=" ">
            <subfield code="a">J-Tna</subfield>
         </datafield>
         <datafield tag="043" ind1=" " ind2=" ">
            <subfield code="c">XB-JP</subfield>
         </datafield>
         <datafield tag="110" ind1="2" ind2=" ">
            <subfield code="a">Nagauta Ky¯okai</subfield>
            <subfield code="c">Tokyo</subfield>
            <subfield code="g">J-Tna</subfield>
         </datafield>
         <datafield tag="410" ind1="2" ind2=" ">
            <subfield code="a">Nagauta Association</subfield>
         </datafield>
         <datafield tag="622" ind1=" " ind2=" ">
            <subfield code="e">Nagauta Ky¯okai, Naka Ginza Building, 8-11-9 Ginza,, Ch¯u¯o-ku, Tokyo 104</subfield>
         </datafield>
      </record>