
      <record>
         <leader>00000nz  a2200169   4500</leader>
         <controlfield tag="001">30004465</controlfield>
         <controlfield tag="003">RISM</controlfield>
         <controlfield tag="005">20160216</controlfield>
         <controlfield tag="008">160216n||az|||||||##########||||||||||||</controlfield>
         <datafield tag="040" ind1=" " ind2=" ">
            <subfield code="a">J-TNcm</subfield>
         </datafield>
         <datafield tag="043" ind1=" " ind2=" ">
            <subfield code="c">XB-JP</subfield>
         </datafield>
         <datafield tag="110" ind1="2" ind2=" ">
            <subfield code="a">Osaka Ongaku Daigaku</subfield>
            <subfield code="c">Toyonaka</subfield>
            <subfield code="g">J-TNcm</subfield>
         </datafield>
         <datafield tag="410" ind1="2" ind2=" ">
            <subfield code="a">Osaka College of Music, Library</subfield>
         </datafield>
         <datafield tag="622" ind1=" " ind2=" ">
            <subfield code="e">Osaka Ongaku Daigaku, 1-1-8 Saiwai-ch¯o, Sh¯onai, Toyonaka, -shi, Osaka-fu 561</subfield>
         </datafield>
      </record>