
      <record>
         <leader>00000nz  a2200169   4500</leader>
         <controlfield tag="001">30004440</controlfield>
         <controlfield tag="003">RISM</controlfield>
         <controlfield tag="005">20160216</controlfield>
         <controlfield tag="008">160216n||az|||||||##########||||||||||||</controlfield>
         <datafield tag="040" ind1=" " ind2=" ">
            <subfield code="a">J-Tni</subfield>
         </datafield>
         <datafield tag="043" ind1=" " ind2=" ">
            <subfield code="c">XB-JP</subfield>
         </datafield>
         <datafield tag="110" ind1="2" ind2=" ">
            <subfield code="a">Nogami Kinen H¯osei Daigaku N¯ogaku Kenky¯ujo</subfield>
            <subfield code="c">Tokyo</subfield>
            <subfield code="g">J-Tni</subfield>
         </datafield>
         <datafield tag="410" ind1="2" ind2=" ">
            <subfield code="a">Nogami Memorial N¯ogaku Research Institute of H¯osei University</subfield>
         </datafield>
         <datafield tag="622" ind1=" " ind2=" ">
            <subfield code="e">Nogami Kinen H¯osei Daigaku N¯ogaku, Kenky¯ujo, 2-8-4 Minami Azabu, Minato-ku, Tokyo 106</subfield>
         </datafield>
      </record>