
      <record>
         <leader>00000nz  a2200169   4500</leader>
         <controlfield tag="001">30061531</controlfield>
         <controlfield tag="003">RISM</controlfield>
         <controlfield tag="005">20160216</controlfield>
         <controlfield tag="008">160216n||az|||||||##########||||||||||||</controlfield>
         <datafield tag="040" ind1=" " ind2=" ">
            <subfield code="a">J-Tnko</subfield>
         </datafield>
         <datafield tag="043" ind1=" " ind2=" ">
            <subfield code="c">XB-JP</subfield>
         </datafield>
         <datafield tag="110" ind1="2" ind2=" ">
            <subfield code="a">Nippon Kindai Ongakukan</subfield>
            <subfield code="c">Tokyo</subfield>
            <subfield code="g">J-Tnko</subfield>
         </datafield>
         <datafield tag="410" ind1="2" ind2=" ">
            <subfield code="a">Documentation Centre of Modern Japanese Music</subfield>
         </datafield>
         <datafield tag="622" ind1=" " ind2=" ">
            <subfield code="e">Nippon Kindai Ongakukan, 1-8-14 Azabudai, Minato-Ku, 106-0041 Tokyo-to, Japan</subfield>
         </datafield>
      </record>