
      <record>
         <leader>00000nz  a2200169   4500</leader>
         <controlfield tag="001">30004451</controlfield>
         <controlfield tag="003">RISM</controlfield>
         <controlfield tag="005">20160216</controlfield>
         <controlfield tag="008">160216n||az|||||||##########||||||||||||</controlfield>
         <datafield tag="040" ind1=" " ind2=" ">
            <subfield code="a">J-Tnri</subfield>
         </datafield>
         <datafield tag="043" ind1=" " ind2=" ">
            <subfield code="c">XB-JP</subfield>
         </datafield>
         <datafield tag="110" ind1="2" ind2=" ">
            <subfield code="a">Tokyo Kokuritsu Bunkazai Kenky¯ujo Gein¯obu</subfield>
            <subfield code="c">Tokyo</subfield>
            <subfield code="g">J-Tnri</subfield>
         </datafield>
         <datafield tag="410" ind1="2" ind2=" ">
            <subfield code="a">National Research Institute of Cultural Properties, Department of Theatrical Art</subfield>
         </datafield>
         <datafield tag="622" ind1=" " ind2=" ">
            <subfield code="e">Tokyo Kokuritsu Bunkazai Kenky¯ujo, Gein¯obu, 13-27 Ueno K¯oen, Tait¯o-ku, Tokyo 110</subfield>
         </datafield>
      </record>