
      <record>
         <leader>00000nz  a2200169   4500</leader>
         <controlfield tag="001">30004422</controlfield>
         <controlfield tag="003">RISM</controlfield>
         <controlfield tag="005">20160216</controlfield>
         <controlfield tag="008">160216n||az|||||||##########||||||||||||</controlfield>
         <datafield tag="040" ind1=" " ind2=" ">
            <subfield code="a">J-TRl</subfield>
         </datafield>
         <datafield tag="043" ind1=" " ind2=" ">
            <subfield code="c">XB-JP</subfield>
         </datafield>
         <datafield tag="110" ind1="2" ind2=" ">
            <subfield code="a">Tenri Toshokan</subfield>
            <subfield code="c">Tenri</subfield>
            <subfield code="g">J-TRl</subfield>
         </datafield>
         <datafield tag="410" ind1="2" ind2=" ">
            <subfield code="a">Tenri Library</subfield>
         </datafield>
         <datafield tag="622" ind1=" " ind2=" ">
            <subfield code="e">Tenri Toshokan, Tenri Daigaku, 1050 Somanouchi-ch¯o,, Tenri-shi, Nara-ken 632</subfield>
         </datafield>
      </record>