
      <record>
         <leader>00000nz  a2200169   4500</leader>
         <controlfield tag="001">30004443</controlfield>
         <controlfield tag="003">RISM</controlfield>
         <controlfield tag="005">20160216</controlfield>
         <controlfield tag="008">160216n||az|||||||##########||||||||||||</controlfield>
         <datafield tag="040" ind1=" " ind2=" ">
            <subfield code="a">J-Tsel</subfield>
         </datafield>
         <datafield tag="043" ind1=" " ind2=" ">
            <subfield code="c">XB-JP</subfield>
         </datafield>
         <datafield tag="110" ind1="2" ind2=" ">
            <subfield code="a">Seikad¯o Bunko</subfield>
            <subfield code="c">Tokyo</subfield>
            <subfield code="g">J-Tsel</subfield>
         </datafield>
         <datafield tag="410" ind1="2" ind2=" ">
            <subfield code="a">Seikad¯o Library</subfield>
         </datafield>
         <datafield tag="622" ind1=" " ind2=" ">
            <subfield code="e">Seikad¯o Bunko, 2-23-1 Okamoto, Setagaya-ku, Tokyo 157</subfield>
         </datafield>
      </record>