
      <record>
         <leader>00000nz  a2200169   4500</leader>
         <controlfield tag="001">30004424</controlfield>
         <controlfield tag="003">RISM</controlfield>
         <controlfield tag="005">20160216</controlfield>
         <controlfield tag="008">160216n||az|||||||##########||||||||||||</controlfield>
         <datafield tag="040" ind1=" " ind2=" ">
            <subfield code="a">J-Tsu</subfield>
         </datafield>
         <datafield tag="043" ind1=" " ind2=" ">
            <subfield code="c">XB-JP</subfield>
         </datafield>
         <datafield tag="110" ind1="2" ind2=" ">
            <subfield code="a">J¯ochi Daigaku, Saint Miki Library</subfield>
            <subfield code="c">Tokyo</subfield>
            <subfield code="g">J-Tsu</subfield>
         </datafield>
         <datafield tag="410" ind1="2" ind2=" ">
            <subfield code="a">Sophia University, Saint Miki Library</subfield>
         </datafield>
         <datafield tag="622" ind1=" " ind2=" ">
            <subfield code="e">J¯ochi Daigaku, Saint Miki Library, 2d floor, Sophia house, 7 Kioi-ch¯o,, Chiyoda-ku, Tokyo 102</subfield>
         </datafield>
      </record>