
      <record>
         <leader>00000nz  a2200169   4500</leader>
         <controlfield tag="001">30004456</controlfield>
         <controlfield tag="003">RISM</controlfield>
         <controlfield tag="005">20160216</controlfield>
         <controlfield tag="008">160216n||az|||||||##########||||||||||||</controlfield>
         <datafield tag="040" ind1=" " ind2=" ">
            <subfield code="a">J-Ttl</subfield>
         </datafield>
         <datafield tag="043" ind1=" " ind2=" ">
            <subfield code="c">XB-JP</subfield>
         </datafield>
         <datafield tag="110" ind1="2" ind2=" ">
            <subfield code="a">T¯osho Bunko</subfield>
            <subfield code="c">Tokyo</subfield>
            <subfield code="g">J-Ttl</subfield>
         </datafield>
         <datafield tag="410" ind1="2" ind2=" ">
            <subfield code="a">T¯osho Library</subfield>
         </datafield>
         <datafield tag="622" ind1=" " ind2=" ">
            <subfield code="e">T¯osho Bunko, Tokyo Shoseki Kabushiki Kaisha, 1-23-31, Horifune, Kita-ku, Tokyo 114</subfield>
         </datafield>
      </record>