
      <record>
         <leader>00000nz  a2200169   4500</leader>
         <controlfield tag="001">30004459</controlfield>
         <controlfield tag="003">RISM</controlfield>
         <controlfield tag="005">20160216</controlfield>
         <controlfield tag="008">160216n||az|||||||##########||||||||||||</controlfield>
         <datafield tag="040" ind1=" " ind2=" ">
            <subfield code="a">J-Ttm</subfield>
         </datafield>
         <datafield tag="043" ind1=" " ind2=" ">
            <subfield code="c">XB-JP</subfield>
         </datafield>
         <datafield tag="110" ind1="2" ind2=" ">
            <subfield code="a">Tsubouchi-Hakase Kinen Engeki Hakubutsukan, Waseda Daigaku</subfield>
            <subfield code="c">Tokyo</subfield>
            <subfield code="g">J-Ttm</subfield>
         </datafield>
         <datafield tag="410" ind1="2" ind2=" ">
            <subfield code="a">Tsubouchi Memorial Theater Museum</subfield>
         </datafield>
         <datafield tag="622" ind1=" " ind2=" ">
            <subfield code="e">Tsubouchi-Hakase Kinen Engeki, Hakubutsukan, Waseda Daigaku, 1 Totsuka, Shinjuku-ku, Tokyo 160</subfield>
         </datafield>
      </record>