
      <record>
         <leader>00000nz  a2200169   4500</leader>
         <controlfield tag="001">30004458</controlfield>
         <controlfield tag="003">RISM</controlfield>
         <controlfield tag="005">20160216</controlfield>
         <controlfield tag="008">160216n||az|||||||##########||||||||||||</controlfield>
         <datafield tag="040" ind1=" " ind2=" ">
            <subfield code="a">J-Ttol</subfield>
         </datafield>
         <datafield tag="043" ind1=" " ind2=" ">
            <subfield code="c">XB-JP</subfield>
         </datafield>
         <datafield tag="110" ind1="2" ind2=" ">
            <subfield code="a">T¯oy¯o Bunko</subfield>
            <subfield code="c">Tokyo</subfield>
            <subfield code="g">J-Ttol</subfield>
         </datafield>
         <datafield tag="410" ind1="2" ind2=" ">
            <subfield code="a">T¯oy¯o Library</subfield>
         </datafield>
         <datafield tag="410" ind1="2" ind2=" ">
            <subfield code="a">Oriental Library</subfield>
         </datafield>
         <datafield tag="622" ind1=" " ind2=" ">
            <subfield code="e">T¯oy¯o Bunko, 2-28-21 Honkomagome, Bunky¯o-ku, Tokyo, 113</subfield>
         </datafield>
      </record>