
      <record>
         <leader>00000nz  a2200169   4500</leader>
         <controlfield tag="001">30004447</controlfield>
         <controlfield tag="003">RISM</controlfield>
         <controlfield tag="005">20160216</controlfield>
         <controlfield tag="008">160216n||az|||||||##########||||||||||||</controlfield>
         <datafield tag="040" ind1=" " ind2=" ">
            <subfield code="a">J-Tu</subfield>
         </datafield>
         <datafield tag="043" ind1=" " ind2=" ">
            <subfield code="c">XB-JP</subfield>
         </datafield>
         <datafield tag="110" ind1="2" ind2=" ">
            <subfield code="a">Tokyo Daigaku</subfield>
            <subfield code="c">Tokyo</subfield>
            <subfield code="g">J-Tu</subfield>
         </datafield>
         <datafield tag="410" ind1="2" ind2=" ">
            <subfield code="a">University</subfield>
         </datafield>
         <datafield tag="622" ind1=" " ind2=" ">
            <subfield code="e">Tokyo Daigaku, 7-3-1 Hong¯o, Bunky¯o-ku, Tokyo 113</subfield>
         </datafield>
      </record>