
      <record>
         <leader>00000nz  a2200169   4500</leader>
         <controlfield tag="001">30004461</controlfield>
         <controlfield tag="003">RISM</controlfield>
         <controlfield tag="005">20160216</controlfield>
         <controlfield tag="008">160216n||az|||||||##########||||||||||||</controlfield>
         <datafield tag="040" ind1=" " ind2=" ">
            <subfield code="a">J-Tua</subfield>
         </datafield>
         <datafield tag="043" ind1=" " ind2=" ">
            <subfield code="c">XB-JP</subfield>
         </datafield>
         <datafield tag="110" ind1="2" ind2=" ">
            <subfield code="a">Ueno Gakuen Nihon Ongaku Shiry¯o Shitsu</subfield>
            <subfield code="c">Tokyo</subfield>
            <subfield code="g">J-Tua</subfield>
         </datafield>
         <datafield tag="410" ind1="2" ind2=" ">
            <subfield code="a">Ueno Gakuen Japanese Music Archive</subfield>
         </datafield>
         <datafield tag="622" ind1=" " ind2=" ">
            <subfield code="e">Ueno Gakuen Nihon Ongaku Shiry¯o Shitsu, Ueno Gakuen Daigaku, 4-24-12 Higashi, Ueno, Tait¯o-ku, Tokyo 110</subfield>
         </datafield>
      </record>