
      <record>
         <leader>00000nz  a2200169   4500</leader>
         <controlfield tag="001">30004435</controlfield>
         <controlfield tag="003">RISM</controlfield>
         <controlfield tag="005">20160216</controlfield>
         <controlfield tag="008">160216n||az|||||||##########||||||||||||</controlfield>
         <datafield tag="040" ind1=" " ind2=" ">
            <subfield code="a">J-Twc</subfield>
         </datafield>
         <datafield tag="043" ind1=" " ind2=" ">
            <subfield code="c">XB-JP</subfield>
         </datafield>
         <datafield tag="110" ind1="2" ind2=" ">
            <subfield code="a">Musashino Joshi Daigaku N¯ogaku Shiry¯o Sent¯a</subfield>
            <subfield code="c">Tokyo</subfield>
            <subfield code="g">J-Twc</subfield>
         </datafield>
         <datafield tag="410" ind1="2" ind2=" ">
            <subfield code="a">Musashino Women's College N¯ogaku Reference Center</subfield>
         </datafield>
         <datafield tag="622" ind1=" " ind2=" ">
            <subfield code="e">Musashino Joshi Daigaku N¯ogaku Shiry¯, Sent¯a, 1-1-20 Shimmachi, Hoya-shi, Tokyo 188</subfield>
         </datafield>
      </record>