
      <record>
         <leader>00000nz  a2200169   4500</leader>
         <controlfield tag="001">30004466</controlfield>
         <controlfield tag="003">RISM</controlfield>
         <controlfield tag="005">20160216</controlfield>
         <controlfield tag="008">160216n||az|||||||##########||||||||||||</controlfield>
         <datafield tag="040" ind1=" " ind2=" ">
            <subfield code="a">J-UAml</subfield>
         </datafield>
         <datafield tag="043" ind1=" " ind2=" ">
            <subfield code="c">XB-JP</subfield>
         </datafield>
         <datafield tag="110" ind1="2" ind2=" ">
            <subfield code="a">Ueda Shiritsu Toshokan</subfield>
            <subfield code="c">Ueda</subfield>
            <subfield code="g">J-UAml</subfield>
         </datafield>
         <datafield tag="410" ind1="2" ind2=" ">
            <subfield code="a">Ueda Municipal Library</subfield>
         </datafield>
         <datafield tag="622" ind1=" " ind2=" ">
            <subfield code="e">Ueda Shiritsu Toshokan, 62 Muraki-machi, Ueda-shi, Nagano-ken, 386</subfield>
         </datafield>
      </record>