
      <record>
         <leader>00000nz  a2200169   4500</leader>
         <controlfield tag="001">30004467</controlfield>
         <controlfield tag="003">RISM</controlfield>
         <controlfield tag="005">20160216</controlfield>
         <controlfield tag="008">160216n||az|||||||##########||||||||||||</controlfield>
         <datafield tag="040" ind1=" " ind2=" ">
            <subfield code="a">J-WAu</subfield>
         </datafield>
         <datafield tag="043" ind1=" " ind2=" ">
            <subfield code="c">XB-JP</subfield>
         </datafield>
         <datafield tag="110" ind1="2" ind2=" ">
            <subfield code="a">Wakayama Daigaku Bunkan</subfield>
            <subfield code="c">Wakayama</subfield>
            <subfield code="g">J-WAu</subfield>
         </datafield>
         <datafield tag="410" ind1="2" ind2=" ">
            <subfield code="a">Wakayama University Annex, Library</subfield>
         </datafield>
         <datafield tag="622" ind1=" " ind2=" ">
            <subfield code="e">Wakayama Daigaku Bunkan, 1-1 Masago-machi, Wakayama-shi,, Wakayama-ken 640</subfield>
         </datafield>
      </record>