
      <record>
         <leader>00000nz  a2200169   4500</leader>
         <controlfield tag="001">30004471</controlfield>
         <controlfield tag="003">RISM</controlfield>
         <controlfield tag="005">20160216</controlfield>
         <controlfield tag="008">160216n||az|||||||##########||||||||||||</controlfield>
         <datafield tag="040" ind1=" " ind2=" ">
            <subfield code="a">J-YAml</subfield>
         </datafield>
         <datafield tag="043" ind1=" " ind2=" ">
            <subfield code="c">XB-JP</subfield>
         </datafield>
         <datafield tag="110" ind1="2" ind2=" ">
            <subfield code="a">Shiritsu Yonezawa Toshokan</subfield>
            <subfield code="c">Yonezawa</subfield>
            <subfield code="g">J-YAml</subfield>
         </datafield>
         <datafield tag="410" ind1="2" ind2=" ">
            <subfield code="a">Yonezawa Municipal Library</subfield>
         </datafield>
         <datafield tag="622" ind1=" " ind2=" ">
            <subfield code="e">Shiritsu Yonezawa Toshokan, 1-3-55 Marunouchi, Yomezawa-shi,, Yamagata-ken 992</subfield>
         </datafield>
      </record>