
      <record>
         <leader>00000nz  a2200169   4500</leader>
         <controlfield tag="001">30004472</controlfield>
         <controlfield tag="003">RISM</controlfield>
         <controlfield tag="005">20160216</controlfield>
         <controlfield tag="008">160216n||az|||||||##########||||||||||||</controlfield>
         <datafield tag="040" ind1=" " ind2=" ">
            <subfield code="a">J-YAut</subfield>
         </datafield>
         <datafield tag="043" ind1=" " ind2=" ">
            <subfield code="c">XB-JP</subfield>
         </datafield>
         <datafield tag="110" ind1="2" ind2=" ">
            <subfield code="a">Uesugi Jinja Keish¯oden</subfield>
            <subfield code="c">Yonezawa</subfield>
            <subfield code="g">J-YAut</subfield>
         </datafield>
         <datafield tag="410" ind1="2" ind2=" ">
            <subfield code="a">Uesugi Shrine Treasure Hall</subfield>
         </datafield>
         <datafield tag="622" ind1=" " ind2=" ">
            <subfield code="e">Uesugi Jinja Keish¯oden, 1-4-13 Marunouchi, Yonezawa-shi,, Yamagata-ken 992</subfield>
         </datafield>
      </record>