
      <record>
         <leader>00000nz  a2200169   4500</leader>
         <controlfield tag="001">30004468</controlfield>
         <controlfield tag="003">RISM</controlfield>
         <controlfield tag="005">20160216</controlfield>
         <controlfield tag="008">160216n||az|||||||##########||||||||||||</controlfield>
         <datafield tag="040" ind1=" " ind2=" ">
            <subfield code="a">J-YIu</subfield>
         </datafield>
         <datafield tag="043" ind1=" " ind2=" ">
            <subfield code="c">XB-JP</subfield>
         </datafield>
         <datafield tag="110" ind1="2" ind2=" ">
            <subfield code="a">Yamaguchi Daigaku</subfield>
            <subfield code="c">Yamaguchi</subfield>
            <subfield code="g">J-YIu</subfield>
         </datafield>
         <datafield tag="410" ind1="2" ind2=" ">
            <subfield code="a">Yamaguchi University, Library</subfield>
         </datafield>
         <datafield tag="622" ind1=" " ind2=" ">
            <subfield code="e">Yamaguchi Daigaku, 1667-1 ¯Oaza Yoshida, Yamaguchi-shi,, Yamaguchi-ken 753</subfield>
         </datafield>
      </record>