
      <record>
         <leader>00000nz  a2200169   4500</leader>
         <controlfield tag="001">30004469</controlfield>
         <controlfield tag="003">RISM</controlfield>
         <controlfield tag="005">20160216</controlfield>
         <controlfield tag="008">160216n||az|||||||##########||||||||||||</controlfield>
         <datafield tag="040" ind1=" " ind2=" ">
            <subfield code="a">J-Yka</subfield>
         </datafield>
         <datafield tag="043" ind1=" " ind2=" ">
            <subfield code="c">XB-JP</subfield>
         </datafield>
         <datafield tag="110" ind1="2" ind2=" ">
            <subfield code="a">Kanazawa Bunko</subfield>
            <subfield code="c">Yokohama</subfield>
            <subfield code="g">J-Yka</subfield>
         </datafield>
         <datafield tag="410" ind1="2" ind2=" ">
            <subfield code="a">Kanazawa Archive</subfield>
         </datafield>
         <datafield tag="622" ind1=" " ind2=" ">
            <subfield code="e">Kanazawa Bunko, 217 Kanazawa-machi, Kanazawa-ku,, Yokohama-shi, Kanagawa-ken 236</subfield>
         </datafield>
      </record>