
      <record>
         <leader>00000nz  a2200169   4500</leader>
         <controlfield tag="001">30004473</controlfield>
         <controlfield tag="003">RISM</controlfield>
         <controlfield tag="005">20160216</controlfield>
         <controlfield tag="008">160216n||az|||||||##########||||||||||||</controlfield>
         <datafield tag="040" ind1=" " ind2=" ">
            <subfield code="a">J-YOa</subfield>
         </datafield>
         <datafield tag="043" ind1=" " ind2=" ">
            <subfield code="c">XB-JP</subfield>
         </datafield>
         <datafield tag="110" ind1="2" ind2=" ">
            <subfield code="a">Sakamoto Ry¯umon Bunko</subfield>
            <subfield code="c">Yoshino</subfield>
            <subfield code="g">J-YOa</subfield>
         </datafield>
         <datafield tag="410" ind1="2" ind2=" ">
            <subfield code="a">Sakamoto Ry¯umon Archive</subfield>
         </datafield>
         <datafield tag="622" ind1=" " ind2=" ">
            <subfield code="e">Sakamoto Ry¯umon Bunko, 151 Kamiichi, Yoshino-ch¯o, Yoshino, -gun, Nara-ken 639-31</subfield>
         </datafield>
      </record>