
      <record>
         <leader>00000nz  a2200169   4500</leader>
         <controlfield tag="001">30004470</controlfield>
         <controlfield tag="003">RISM</controlfield>
         <controlfield tag="005">20160216</controlfield>
         <controlfield tag="008">160216n||az|||||||##########||||||||||||</controlfield>
         <datafield tag="040" ind1=" " ind2=" ">
            <subfield code="a">J-Ys</subfield>
         </datafield>
         <datafield tag="043" ind1=" " ind2=" ">
            <subfield code="c">XB-JP</subfield>
         </datafield>
         <datafield tag="110" ind1="2" ind2=" ">
            <subfield code="a">Sh¯omy¯oji</subfield>
            <subfield code="c">Yokohama</subfield>
            <subfield code="g">J-Ys</subfield>
         </datafield>
         <datafield tag="622" ind1=" " ind2=" ">
            <subfield code="e">Sh¯omy¯oji, Kanazawa-machi, Kanazawa-ku, Yokohama, -shi, Kanagawa-ken 236</subfield>
         </datafield>
      </record>