
      <record>
         <leader>00000nz  a2200169   4500</leader>
         <controlfield tag="001">30004474</controlfield>
         <controlfield tag="003">RISM</controlfield>
         <controlfield tag="005">20160216</controlfield>
         <controlfield tag="008">160216n||az|||||||##########||||||||||||</controlfield>
         <datafield tag="040" ind1=" " ind2=" ">
            <subfield code="a">J-Zml</subfield>
         </datafield>
         <datafield tag="043" ind1=" " ind2=" ">
            <subfield code="c">XB-JP</subfield>
         </datafield>
         <datafield tag="110" ind1="2" ind2=" ">
            <subfield code="a">Zents¯uji Shiritsu Toshokan</subfield>
            <subfield code="c">Zents¯uji</subfield>
            <subfield code="g">J-Zml</subfield>
         </datafield>
         <datafield tag="410" ind1="2" ind2=" ">
            <subfield code="a">Zents¯uji Municipal Library</subfield>
         </datafield>
         <datafield tag="622" ind1=" " ind2=" ">
            <subfield code="e">Zents¯uji Shiritsu Toshokan, 1206-1 Kami Yoshida-machi, Zents¯uji, -shi, Kagawa-ken 765</subfield>
         </datafield>
      </record>
   </collection>

